3009 4400
201 287 243 346 ts

201 448 311 517 ceteri
332 455 441 517 autem
463 451 592 533 ingenui
613 450 826 532 prohibentur
848 453 966 520 ducere
989 454 1110 535 lenam,
1140 459 1174 519 et
1202 473 1223 518 a
1252 455 1368 520 lenone
1392 455 1436 519 le-

241 536 1355 704 11121131113111113001111
1378 556 1437 687 ll·

244 711 274 770 2.
297 712 395 772 -et
425 725 508 788 eam,
537 724 620 787 quae
641 706 747 786 palam
777 714 947 788 quaestum
976 726 1113 789 corpore
1139 708 1229 788 facit,
1258 707 1385 774 lecerit.
1404 707 1436 788 ⁰)

243 790 319 871 Ulp.
341 791 396 856 lib.
421 797 436 854 1
461 793 503 856 ad
524 792 587 872 leg.
610 791 670 856 Iul.
694 798 728 857 et
750 792 829 872 Pap.
851 793 891 857 fr.
914 798 955 857 43
978 812 1027 873 pr.
1045 793 1073 875 5.
1092 798 1184 857 1-5
1208 793 1249 859 de
1271 794 1325 858 rit.
1339 798 1435 873 nupt.

242 875 317 956 Ulp.
342 881 390 958 16,
413 881 443 941 2.
465 876 505 942 11.
527 878 580 941 011.
603 876 649 959 13.
671 894 741 959 sqq.
764 877 803 942 ir.
826 882 868 941 44
891 877 961 959 §.18
985 877 1101 958 eod.⁷)

200 959 257 1026 Sui
278 961 415 1027 heredes
437 966 512 1026 sunt
532 961 580 1024 hi:
608 961 711 1041 primo
738 962 810 1028 loco
836 961 921 1026 filins
946 961 1013 1026 filia
1042 963 1076 1027 in
1102 966 1301 1042 potestatem
1329 962 1436 1042 patris

243 1047 423 1123 constituti;
445 1064 504 1111 nec
525 1047 662 1110 interest
684 1045 829 1126 adoptivi
849 1049 924 1127 sint,
946 1067 988 1111 an
1009 1047 1176 1111 naturales
1199 1052 1234 1110 et
1255 1046 1436 1111 secundum

242 1130 346 1210 legem
369 1131 482 1195 Iuliam
509 1131 681 1211 Papiamve
711 1131 862 1211 quaesiti,
892 1132 987 1197 modo
1014 1135 1164 1196 maneant
1190 1131 1224 1194 in
1254 1135 1434 1211 potestate.

242 1215 332 1280 Paul.
355 1215 436 1281 Mos.
460 1221 494 1281 et
515 1215 606 1281 Rom.
629 1215 692 1296 leg.
716 1215 788 1282 coll.
813 1220 862 1298 16,
884 1221 914 1283 3.
938 1222 967 1281 3.
980 1217 1012 1295 1)

199 1299 379 1381 Aliquando
402 1300 481 1365 nihil
507 1302 594 1365 inter
619 1318 655 1366 se
677 1300 808 1380 capiunt
837 1299 901 1382 (vir
923 1307 958 1366 ct
979 1298 1089 1380 uxor),
1121 1300 1156 1364 id
1182 1306 1233 1365 est
1262 1300 1289 1364 si
1317 1307 1436 1366 contra

240 1385 345 1466 legem
372 1384 486 1450 Iuliam
511 1386 708 1465 Papiamque
737 1385 923 1465 Poppaeam
944 1386 1163 1452 contraxerint
1184 1385 1434 1466 matrimonium,

240 1469 331 1534 verbi
356 1470 462 1550 gratia
488 1471 516 1535 si
544 1469 697 1536 famosam
725 1470 797 1548 quis
828 1489 961 1536 uxorem
988 1470 1129 1549 duxerit,
1157 1477 1216 1534 aut
1244 1469 1434 1536 libentinam

240 1560 380 1620 senator.
417 1553 492 1635 Ulp.
518 1559 565 1635 16,
589 1560 618 1618 2.
663 1554 753 1618 Paul.
783 1554 837 1619 lib.
860 1554 907 1620 VI
928 1556 970 1621 ad
998 1557 1060 1635 leg.
1084 1554 1145 1619 Iul.
1168 1559 1202 1619 01
1223 1554 1301 1635 Pap.
1324 1554 1365 1619 ir.
1391 1560 1432 1620 35

241 1656 290 1718 pr.
313 1639 354 1703 de
376 1645 470 1705 mort.
494 1656 590 1703 causa
612 1639 720 1705 donat.
733 1637 766 1719 ⁹)

198 1721 285 1790 Dote
311 1728 446 1803 propter
471 1723 618 1788 illicitum
644 1723 879 1788 matrimonium
906 1720 1027 1788 caduca
1054 1723 1141 1789 facta
1169 1729 1230 1789 etc.
1280 1724 1361 1804 Pap.
1392 1724 1431 1788 f.

241 1813 279 1872 61
304 1809 345 1873 de
367 1809 420 1872 rit.
443 1805 662 1889 nupt.¹⁰)¹¹)

335 1978 385 2044 De
407 1978 516 2043 liberis
538 1978 569 2042 in
593 1979 829 2044 matrimonium
850 1977 1044 2043 collocandis
1067 1983 1100 2042 et
1122 1977 1280 2043 dolandis.

197 2095 311 2177 Capite
332 2097 496 2176 trigesimo
520 2097 630 2175 quinto
653 2095 733 2177 legis
756 2096 869 2176 Iuliae,
900 2096 955 2174 qui
982 2095 1117 2176 liberos,
1146 2113 1225 2176 qnos
1250 2095 1374 2162 habent
1397 2097 1431 2160 in
1498 2092 1499 2133 ³

238 2185 418 2263 potestate,
448 2181 563 2246 iniuria
583 2179 808 2263 prohibuerint
834 2181 952 2247 ducere
974 2198 1106 2260 uxores,
1133 2180 1186 2247 vel
1209 2182 1347 2263 nubere,
1377 2181 1430 2248 vel

198 2432 341 2481 eorumque
359 2416 457 2466 liberos
476 2416 625 2466 libertinam
648 2429 760 2465 uxorem
783 2416 879 2466 ducere
900 2418 1014 2468 licuisse.
1083 2419 1112 2478 5)
1129 2416 1229 2465 Adiicit
1244 2415 1429 2466 Mauricianus

196 2494 222 2535 et
240 2499 257 2535 a
275 2492 368 2535 senatu
389 2484 546 2535 damnatam.
583 2482 695 2548 Scripsit
716 2484 896 2534 Mauricianus
921 2487 956 2535 ad
972 2487 1023 2548 103.
1041 2484 1092 2537 Ιο1.
1111 2492 1138 2534 et
1154 2484 1223 2547 Pap.
1239 2484 1333 2534 libros.
1370 2483 1428 2533 011.
1497 2513 1498 2550 ;

194 2554 229 2605 11.
247 2556 280 2604 51
299 2553 330 2601 (10
348 2553 427 2614 legat.
446 2551 475 2601 11
498 2552 531 2602 11.
551 2553 584 2603 23
603 2552 635 2601 (10
652 2566 702 2601 usu
726 2558 753 2600 et
774 2552 857 2603 usnir.
881 2567 914 2602 ex
931 2554 1000 2605 libro
1018 2553 1058 2613 113
1084 2554 1116 2602 ir.
1137 2555 1169 2603 15
1189 2554 1222 2601 de
1239 2553 1296 2602 iure
1315 2553 1376 2601 fisci
1394 2567 1430 2601 ex
1497 2577 1498 2604 l

196 2621 265 2671 libro
282 2620 333 2669 111.
368 2618 410 2668 De
428 2621 473 2681 iis,
498 2634 565 2684 qnae
582 2634 600 2668 a
616 2626 709 2669 senatu
727 2619 866 2670 damnatae
889 2628 951 2669 sunt
972 2637 996 2673 r.
1019 2620 1180 2683 Dirksen,
1201 2621 1270 2669 civil.
1290 2619 1428 2683 Abhdlgg.

194 2690 209 2739 1
231 2705 257 2753 p.
276 2690 326 2739 153
344 2702 402 2751 sqq.
426 2689 580 2739 185-187.
652 2688 679 2748 6)
697 2685 737 2736 Oi.
755 2695 811 2738 not.
830 2690 854 2739 3.
924 2690 952 2750 7)
969 2689 1058 2738 Etiam
1075 2690 1119 2738 lex
1144 2690 1214 2738 Iulia
1234 2688 1267 2736 dc
1285 2688 1428 2737 adulteriis

195 2757 326 2807 eiusmodi
343 2769 471 2820 personas
489 2769 586 2805 uxores
605 2755 701 2804 ducere
718 2757 809 2805 vetuit.
838 2755 900 2819 Ulp.
918 2758 952 2808 fr.
970 2759 1004 2808 29
1021 2760 1046 2818 ξ.
1067 2759 1080 2805 l
1099 2757 1134 2806 ad
1151 2758 1202 2819 leg.
1219 2755 1270 2804 Iul.
1290 2756 1323 2805 de
1341 2755 1428 2806 adult.

192 2824 258 2889 Pap.
276 2826 310 2874 11.
329 2826 360 2872 11
380 2824 404 2887 q.
426 2825 457 2874 13
475 2824 535 2873 eod.
570 2822 640 2872 Mae.
658 2822 690 2872 ir.
709 2822 743 2871 24
760 2838 800 2886 pr.
820 2824 879 2873 eod.
910 2823 1034 2887 Propert.
1059 2828 1087 2885 2,
1106 2826 1134 2886 6,
1154 2827 1187 2875 25
1206 2839 1264 2886 sqq.
1335 2824 1363 2885 8)
1383 2822 1427 2874 Ol.

195 2893 311 2944 Dioclet.
329 2900 356 2941 ct
373 2891 483 2943 Maxim.
502 2908 526 2941 c.
546 2893 577 2942 15
596 2891 628 2941 de
646 2897 718 2954 nupt.
788 2893 816 2953 3)
835 2889 877 2942 (11.
893 2892 954 2956 Ulp.
971 2892 1018 2941 lib.
1036 2894 1052 2941 2
1069 2893 1103 2941 11.
1123 2894 1172 2943 130
1191 2892 1223 2941 (10
1242 2892 1276 2939 V.
1291 2887 1319 2938 S.
1350 2891 1428 2939 Mar-

193 2962 252 3015 cell.
270 2960 316 3011 lib.
338 2960 351 3008 I
377 2959 412 3010 ad
434 2959 487 3023 103.
504 2960 554 3009 Iul.
577 2967 604 3008 et
619 2958 686 3024 Pap.
704 2959 737 3007 11.
759 2958 793 3008 38
818 2960 850 3009 (10
867 2972 946 3009 mort.
968 2974 1049 3010 causa
1075 2959 1166 3009 donat.
1237 2960 1282 3018 10)
1300 2955 1343 3006 (11.
1363 2958 1428 3022 Ulp.

195 3031 243 3092 14,
261 3030 286 3078 4.
322 3026 397 3076 Paul.
415 3028 448 3075 11.
467 3030 499 3079 38
518 3028 541 3091 ξ.
566 3028 632 3077 lde
659 3028 701 3075 rit.
719 3034 793 3091 nupt.
864 3030 907 3088 11)
924 3028 1155 3090 Fragmentornm,
1179 3041 1247 3090 quae
1272 3026 1305 3074 de
1329 3029 1427 3089 poenis

191 3096 356 3147 matrimonii
373 3102 465 3144 contra
482 3095 567 3157 legem
585 3096 715 3145 contracti
733 3102 827 3156 agunt,
851 3102 1033 3159 argumentum
1055 3097 1094 3144 ita
1113 3094 1256 3144 exhibetur
1273 3095 1346 3157 apud
1364 3095 1428 3144 den

192 3164 275 3226 Τοκ,
297 3163 384 3213 fontes
402 3170 456 3213 tres
473 3178 500 3227 p.
518 3162 601 3214 3311.
620 3164 649 3211 'lc
670 3158 710 3212 'Si
733 3164 778 3224 qui
795 3164 908 3213 scientes
927 3164 991 3213 dolo
1015 3164 1085 3213 mulo
1104 3163 1233 3213 adversus
1251 3163 1321 3211 hanc
1338 3163 1429 3225 legem
1495 3187 1496 3202 .

192 3234 317 3294 coierint,
340 3230 417 3279 liberi
441 3232 554 3294 quaesiti
578 3232 641 3280 iusti
664 3236 743 3293 atque
768 3231 809 3278 sui
833 3231 944 3281 heredes
962 3245 1017 3280 non
1035 3237 1107 3280 suut:
1131 3245 1217 3293 neque
1238 3229 1427 3293 hereditatem,

192 3316 259 3364 quae
275 3301 308 3349 iia
326 3298 384 3360 1030
404 3298 552 3359 obvenerit,
570 3300 717 3362 legatumne
734 3298 786 3360 ipsi
804 3299 941 3361 coniuges,
963 3313 1047 3362 neque
1073 3300 1143 3347 inter
1162 3314 1191 3347 se
1215 3298 1360 3361 quidquam
1379 3314 1426 3347 ca-

190 3383 253 3434 pere
263 3373 388 3432 possunt:
406 3373 511 3417 mortua
525 3369 634 3415 muliere
654 3366 702 3415 dos
712 3367 812 3414 caduca
829 3363 929 3415 est'-
945 3366 987 3415 De
1006 3366 1182 3416 concubinatu
1199 3366 1286 3429 legem
1302 3372 1427 3415 nostram

192 3440 355 3488 sanctionem
373 3437 545 3496 continuisse,
564 3434 636 3499 quod
652 3440 714 3497 post
730 3433 901 3484 Heineccinm
920 3449 1010 3483 omnes
1029 3441 1148 3495 censent,
1166 3448 1200 3482 ex
1217 3435 1251 3482 11.
1272 3436 1285 3482 1
1305 3434 1338 3482 (10
1357 3449 1425 3482 con-

190 3505 249 3555 cub.
284 3504 346 3567 Ulp.
363 3502 409 3551 lib.
426 3504 454 3553 11
472 3504 507 3553 ad
531 3504 583 3566 leg.
608 3501 658 3551 Iul.
684 3509 710 3550 et
732 3499 797 3566 Pap.
821 3503 931 3566 probari
950 3518 1006 3552 non
1026 3510 1123 3567 potest.
1158 3501 1229 3551 Nam
1256 3516 1291 3551 ex
1310 3516 1426 3550 numero

191 3573 260 3635 libri,
279 3586 312 3623 ex
330 3584 383 3634 qno
401 3572 576 3635 fragmentum
592 3576 706 3619 sumtum
723 3576 778 3630 est,
796 3577 869 3620 certo
887 3571 1045 3621 concludere
1062 3584 1116 3620 non
1133 3584 1288 3634 possumus,
1313 3584 1371 3619 non
1389 3571 1426 3619 ad
1494 3615 1495 3640 ,

190 3648 269 3704 caput
294 3641 326 3689 de
352 3637 466 3690 divortio
489 3640 627 3691 hbes-tinae
652 3638 697 3700 (01.
720 3637 768 3686 inf.
792 3652 819 3701 p.
843 3640 889 3702 54)
913 3639 1022 3704 Ulpiani
1044 3641 1132 3697 locum
1155 3639 1296 3702 pertinere.
1342 3636 1425 3696 Quod

190 3709 342 3758 Marcianus
366 3708 430 3759 dicit
452 3709 486 3759 11.
508 3710 525 3760 3
546 3709 603 3773 §.1
634 3707 667 3755 de
692 3706 813 3756 concub:
831 3736 865 3745 —
882 3721 944 3758 nam
972 3709 1034 3771 quia
1060 3706 1250 3757 concubinatus
1275 3720 1324 3770 per
1348 3706 1424 3769 10300

189 3790 285 3827 noman
304 3778 428 3827 assumsit
445 3804 477 3815 —
500 3778 534 3827 ad
552 3776 617 3825 illud
640 3781 718 3838 capnt
740 3781 767 3825 et
790 3774 825 3825 ad
847 3777 932 3838 103010
953 3774 1049 3825 Iuliam
1069 3776 1101 3825 de
1125 3775 1275 3838 adulteriis,
1300 3776 1424 3837 quaeda

1488 3953 1495 4332 l
