3009 4400
194 329 212 387 6

238 492 323 556 22221
351 492 464 568 equive
493 489 699 568 meruissent‚
730 486 867 567 pecunia
893 489 1025 562 parerem
1041 483 1113 563 lege
1142 484 1204 546 diei
1226 501 1319 546 nemo
1343 482 1433 545 dubi-

238 577 330 641 tavit.
376 575 453 652 Quis
482 593 559 654 ergo
588 573 712 639 honos?
751 578 789 636 22
818 570 878 650 ipsi
908 574 1034 634 mortuo
1072 568 1324 648 parentibusque
1354 568 1433 646 eius,

237 663 312 726 dum
333 661 421 724 intus
443 661 567 741 positus
591 663 689 738 esset,
723 656 841 722 forisve
863 655 1017 734 ferretur,
1041 657 1110 718 sine
1131 653 1245 718 fraude
1269 658 1355 718 esset
1377 654 1435 715 im-

237 748 353 828 posita.
376 781 420 790 -
442 745 505 808 Cic.
527 745 570 808 de
592 744 655 824 leg.
680 748 715 824 2,
740 748 795 822 24,
820 746 871 806 60.
916 738 974 820 lli,
998 738 1042 820 7.]

194 831 258 898 Cic.
284 832 323 896 de
346 830 408 910 leg.
433 837 467 910 2,
492 836 547 908 24,
572 834 621 893 60.
660 833 709 892 61.
756 827 858 891 Credo
883 823 1062 905 quoderat
1088 825 1285 904 factitatum,
1316 828 1354 886 ut
1376 824 1434 886 uni

235 916 330 1000 plura
352 915 481 995 fierent,
503 915 645 995 lectique
668 914 777 994 plures
800 914 1037 976 sternerentur:
1059 909 1093 972 id
1116 927 1243 989 quoque
1266 927 1306 972 ne
1328 907 1433 987 fieret,

236 1003 309 1083 lege
339 1006 486 1064 sanetum
514 1005 573 1064 est.
623 999 693 1076 Qua
721 1001 753 1062 in
785 995 859 1078 lege
890 1013 987 1074 quum
1017 1001 1116 1060 esset:
1159 996 1266 1060 Neve
1297 1011 1434 1056 aurum

237 1088 363 1166 addito,
399 1103 496 1164 quum
518 1083 655 1149 humane
678 1085 797 1163 excipit
819 1083 924 1146 212222
944 1080 1012 1145 lex:
1053 1081 1145 1160 quoi
1167 1097 1263 1145 auro
1286 1079 1433 1144 dentes

236 1173 365 1239 vincti
398 1175 556 1249 escunt3
591 1175 648 1234 ast
687 1170 736 1233 im
760 1187 843 1232 2222
871 1167 943 1230 1112
972 1166 1163 1248 sepelire,
1185 1183 1358 1230 urereve
1391 1183 1433 1229 se

236 1257 375 1323 fraude
409 1260 504 1321 esto.
535 1260 584 1319 61.
629 1255 721 1319 Duae
750 1259 826 1318 sunt
860 1256 1033 1339 praeterea
1069 1251 1158 1332 leges
1191 1252 1231 1316 de
1266 1249 1433 1330 sepulcris,

213 1337 214 1342 ’
238 1361 373 1423 quarum
393 1341 498 1406 altera
524 1341 725 1420 priuatorum
744 1337 912 1417 aedificiis
936 1337 1040 1401 212222
1051 1337 1128 1417 ipsis
1150 1337 1307 1416 sepulcris
1329 1343 1433 1400 cavet.

236 1430 329 1495 Nem
375 1426 486 1508 quod
531 1443 665 1506 rogum
701 1425 915 1489 bustumve
952 1441 1095 1487 novum
1134 1427 1224 1488 22222
1262 1421 1434 1500 propius

238 1514 448 1592 sexaginta
479 1511 602 1591 pedes
631 1511 739 1574 adici
761 1509 895 1574 aedeis
917 1508 1083 1588 2112222,
1112 1509 1236 1572 invito
1259 1507 1433 1586 domino,

237 1599 417 1665 incendium
440 1602 572 1661 veretur
595 1596 753 1660 acerbum.
800 1593 893 1672 Quod
916 1600 1024 1658 autem
1045 1593 1171 1658 forum
1194 1592 1240 1674 (id
1265 1601 1315 1656 est
1337 1593 1434 1656 vesti-

238 1685 348 1750 bulum
371 1681 524 1762 sepulcri)
548 1682 762 1747 bustumve
785 1680 949 1759 usucapi
972 1684 1079 1758 vetat,
1113 1684 1226 1744 tuetur
1253 1677 1304 1742 ius
1326 1677 1434 1757 sepul-

237 1788 374 1837 crorum.
419 1767 509 1832 Haec
531 1765 684 1832 habemus
707 1768 739 1831 iu
762 1765 949 1830 Duodecim.
986 1763 1052 1845 -[X‚
1075 1763 1217 1846 8-11.]

567 1976 642 2046 111.
693 1976 762 2045 Ius
787 1935 1054 2064 privatum.²⁸)

195 2140 282 2206 Fest.
314 2159 343 2203 v.
371 2139 515 2208 Sanates.
544 2161 575 2223 p.
607 2145 678 2206 348.
707 2138 796 2204 Muli.
853 2139 969 2219 ltaque
997 2139 1030 2202 in
1058 2135 1122 2201 XII
1148 2139 1366 2214 2222222222,
1396 2141 1434 2198 22

237 2227 323 2291 idem
350 2228 429 2291 iuris
457 2234 544 2293 esset
572 2227 743 2292 Sanatibus
775 2225 860 2304 quod
887 2224 1066 2290 Forctibus.
1081 2258 1123 2267 —-
1138 2223 1184 2285 ld.
1199 2241 1230 2302 p.
1245 2226 1317 2286 321.
1335 2214 1433 2286 Muli.

238 2312 321 2379 Gell.
342 2332 373 2376 n.
396 2331 423 2375 2.
450 2318 504 2395 16,
529 2317 577 2393 10,
601 2317 630 2376 8.
646 2311 699 2391 ²⁴)
744 2310 789 2392 [1,
812 2310 856 2392 5.]

516 2478 546 2561 1)
590 2478 637 2541 122
661 2478 732 2561 quod
754 2478 881 2561 pertinet
903 2477 939 2541 ad
960 2496 1108 2561 personas.

700 2579 726 2643 a)
764 2578 924 2632 Servitus.
994 2590 997 2596 ·

172 2664 271 2751 'Ulp
285 2664 397 2745 fragm.
414 2670 445 2745 1,
470 2669 498 2729 9.
521 2666 632 2732 -Ut
654 2671 849 2731 testamento
873 2664 1057 2762 manumissi
1079 2666 1172 2731 liberi
1193 2670 1257 2731 sint
1279 2665 1331 2729 lex
1353 2665 1433 2729 duo-

197 2919 242 2980 23)
266 2920 308 2967 Ι)2
331 2921 388 2968 1222
409 2920 513 2983 privato
537 2921 620 2981 legem
638 2921 696 2971 XII
712 2922 765 2969 tab.
788 2920 872 2969 multo
896 2920 1007 2986 amplius
1032 2928 1059 2969 22
1080 2924 1228 2970 accuratius
1247 2923 1333 2984 egisse
1351 2934 1433 2981 quam

198 2988 229 3036 de
248 2989 304 3035 iure
322 2988 441 3051 publico,
461 2994 560 3037 eertum
579 2997 620 3038 est
638 2989 671 3053 (v.
690 2997 745 3037 not.
767 2989 802 3053 1).
839 2988 871 3035 Id
889 2990 958 3036 euim
976 2996 1037 3037 2222
1056 2991 1144 3038 omnia
1162 2990 1303 3053 agebatur,
1326 2995 1356 3036 ut
1373 3003 1432 3037 222-

195 3057 354 3117 gistratuum
373 3058 511 3119 imperium
530 3058 633 3121 scriptis
651 3057 767 3119 legibus,
790 3058 932 3105 secundnm
951 3072 1015 3119 2222
1034 3058 1202 3107 iudicandum
1222 3066 1303 3120 esset,
1322 3056 1432 3107 coerce-

197 3130 277 3172 retur.
314 3123 493 3173 Nihilominus
518 3138 572 3173 non
597 3126 728 3175 sufficiunt
748 3140 815 3188 quae
839 3134 980 3188 supersunt
1003 3126 1037 3174 ad
1056 3126 1263 3176 decemvirorum
1281 3127 1431 3189 legislatio-

195 3206 255 3240 nem
273 3200 343 3241 reete
362 3194 558 3241 aestimandam.
595 3194 638 3255 24)
650 3194 723 3243 Ρ221.
743 3194 818 3242 Diae.
837 3209 862 3241 v.
881 3193 990 3242 Forctes
1008 3196 1082 3259 p.s4.
1102 3196 1231 3244 Horetum
1248 3210 1273 3259 p.
1294 3198 1352 3243 112.
1380 3194 1431 3244 Sa-

195 3267 271 3309 nates
289 3276 314 3323 p.
333 3260 396 3310 349:
417 3259 528 3309 Sanates
547 3262 610 3311 dicti
629 3269 702 3323 suut,
722 3265 766 3325 qui
786 3276 866 3325 supra
882 3262 1004 3324 infraque
1015 3263 1127 3312 Romam
1145 3264 1338 3313 habitaverunt:
1357 3265 1432 3325 qnod

194 3342 291 3377 nomeu
309 3328 370 3377 ideo
390 3330 429 3377 his
449 3339 489 3389 222
514 3331 638 3391 inditum,
667 3333 728 3393 quia
747 3347 827 3393 quum
846 3332 1004 3379 defecissent
1031 3332 1205 3394 aRomsnis,
1230 3332 1302 3380 brevi
1322 3342 1386 3394 post
1403 3334 1430 3379 in

196 3398 338 3446 amicitiam
357 3398 433 3459 quasi
451 3406 544 3447 sanata
561 3408 647 3447 mente
666 3401 808 3449 redierunt.
829 3399 870 3447 Ι)2
888 3414 967 3448 22222
985 3401 1061 3449 huius
1078 3402 1218 3463 fragmenti
1237 3415 1261 3448 v.
1280 3399 1431 3448 Niebuhr

195 3463 272 3513 Rom.
299 3464 395 3514 Gesch.
416 3467 439 3526 2,·
464 3468 528 3527 373,
555 3468 653 3529 quide
678 3470 734 3516 inre
760 3468 865 3531 publico
890 3470 1088 3531 intelligendum
1106 3478 1202 3518 censet.
1239 3468 1386 3517 Dirlrsen
1404 3485 1430 3532 p.

195 3534 244 3581 122
264 3534 296 3582 de
320 3533 444 3582 Fortibus
463 3542 489 3583 22
508 3532 656 3584 Sanatibus
673 3536 742 3586 idem
765 3542 870 3585 cautum
893 3537 974 3585 fuisse
998 3544 1087 3600 putat,
1110 3538 1181 3600 quod
1205 3537 1238 3585 de
1262 3538 1377 3585 assiduis
1405 3546 1433 3585 et

194 3601 345 3664 proletariis
370 3601 441 3664 lege:
466 3605 572 3652 assiduo
596 3606 693 3653 vindex
711 3606 834 3654 assiduus
857 3610 914 3652 esto
933 3612 981 3653 otc.
1022 3607 1179 3655 Huschke
1203 3605 1290 3655 Recht
1308 3605 1354 3653 des
1373 3605 1430 3653 Ne-

194 3684 257 3718 xum
276 3686 300 3733 p.
319 3670 369 3720 245
388 3684 444 3733 sqq.
469 3672 500 3719 de
524 3674 580 3721 iure
605 3675 756 3723 commercii
773 3672 927 3721 'Sanatibus
952 3674 1086 3723 adtributo
1109 3674 1273 3723 decemviros
1298 3688 1331 3722 22
1348 3674 1432 3722 verba

197 3739 335 3801 scripsisse
354 3738 472 3788 defendit
489 3742 578 3804 itaque
595 3743 682 3791 locum
699 3742 772 3791 Festi
790 3758 815 3805 p.
834 3742 893 3805 321,
913 3756 990 3803 quem
1016 3743 1048 3791 de
1066 3744 1141 3791 nexis
1160 3744 1246 3806 egisse
1263 3749 1358 3805 negat,
1377 3744 1431 3791 hoo

194 3807 275 3856 modo
295 3807 420 3857 restituit:
439 3808 509 3859 Naxi
527 3811 702 3875 mancipiique
721 3811 791 3859 idam
807 3810 872 3859 sorti
890 3811 1028 3873 senatique
1046 3812 1087 3859 ius
1105 3818 1163 3860 esto
1180 3827 1206 3876 p.
1221 3812 1280 3862 250.
1315 3811 1358 3860 De
1378 3809 1430 3860 Sa-
