3009 4400
562 430 611 494 Dc
634 429 771 496 caducis.
786 430 839 511 Μ)

167 548 271 624 Quum
293 548 390 628 igitur
412 549 578 612 materiam
608 554 640 612 et
662 549 826 613 exordium
855 550 1044 614 caducorum
1073 549 1125 613 lex
1153 549 1253 628 Papia
1275 549 1314 612 ab

79 633 289 713 aditionibus,
313 649 395 710 quae
418 633 503 699 circa
525 631 746 698 defunctorum
768 634 963 700 hereditates
985 633 1209 714 procedebant,
1232 652 1315 698 sum-

79 719 136 797 sit,
168 722 200 782 et
223 717 295 781 ideo
325 737 387 780 non
411 737 430 781 a
458 723 561 784 morte
585 719 765 800 testatoris,
795 719 852 784 sed
881 719 920 784 ab
951 724 1106 798 apertura
1134 719 1314 783 tabularum

79 804 150 867 dies
174 802 288 867 cedere
311 803 496 885 legatorum,
523 808 651 868 senatus
674 803 827 884 consulta,
850 823 932 885 quae
955 804 1039 868 circa
1060 805 1162 886 legem
1182 805 1314 883 Papiam

78 888 262 951 introducta
284 893 372 968 sunt,
396 894 635 969 concesserunt,
659 890 817 970 ut,'quod
839 891 871 952 in
893 889 998 955 medio
1022 888 1160 968 defictat,
1184 889 1243 953 hoc
1266 909 1315 954 ca-

79 973 197 1037 ducum
219 972 288 1052 fiat,
315 975 452 1054 primurn
474 974 534 1040 hoc
562 975 757 1055 corrigentes
781 980 814 1039 et
837 976 1000 1057 antiquum
1023 978 1141 1039 statum
1163 993 1315 1039 renovan-

78 1063 128 1122 tes
157 1059 328 1137 sancimus,
363 1077 472 1124 omnes
499 1059 619 1124 habere
651 1059 811 1123 licentiam
845 1079 865 1124 a
892 1064 995 1125 morte
1027 1061 1191 1125 testatoris
1225 1059 1314 1124 adire

78 1143 304 1225 hereditatem,
328 1144 485 1224 similique
506 1145 601 1211 modo
623 1145 802 1226 legatorum
824 1144 874 1210 vel
896 1145 1212 1210 fideicommissorum
1233 1164 1315 1224 pure

78 1228 129 1294 vel
159 1230 192 1292 in
225 1229 308 1294 diem
342 1234 462 1293 certam
490 1230 674 1294 relictorum
706 1229 791 1294 diem
818 1249 837 1294 a
862 1237 967 1296 morte
995 1232 1159 1295 testatoris
1188 1231 1313 1295 cedere.

77 1315 246 1378 Iustinian.
271 1332 297 1378 c.
324 1319 337 1377 l
364 1314 390 1396 ξ.
417 1320 431 1378 l
457 1315 498 1380 de
521 1315 588 1380 cad.
611 1315 678 1379 toll.
702 1314 729 1396 ἓ.
754 1319 772 1378 5
795 1314 870 1380 ibid.
914 1315 988 1396 Ulp.
1013 1321 1062 1397 24,
1087 1314 1204 1395 3l.4⁶)

166 1397 355 1479 Liberis⁴⁷)
387 1404 419 1465 et
440 1401 626 1480 parentibus
647 1399 813 1464 testatoris
836 1419 938 1480 usque
961 1400 1002 1465 ad
1027 1401 1157 1465 tertium
1179 1401 1314 1482 gradum

78 1485 130 1548 lex
154 1485 255 1564 Papia
284 1485 334 1548 ius
361 1486 526 1565 antiquum
555 1485 656 1565 dedit,
684 1491 720 1549 ut
743 1485 915 1550 heredibus
942 1486 1004 1550 illis
1031 1486 1202 1565 institutis,
1228 1485 1314 1566 quod

79 1571 214 1650 quisex
238 1588 275 1635 eo
298 1574 488 1635 testamento
511 1570 694 1650 nuncapit,
723 1570 764 1634 ad
792 1570 851 1635 hos
873 1572 1035 1650 pertineat
1057 1576 1113 1635 aut
1134 1575 1236 1636 toturn
1258 1575 1315 1634 aut

79 1675 118 1720 ex
149 1660 242 1734 parte
270 1659 367 1733 prout
394 1655 558 1734 pertinere
586 1656 698 1736 possit.
743 1655 893 1735 Ulpia.
930 1657 1097 1721 Iustinian.
1125 1675 1151 1720 c.
1182 1675 1234 1721 un.
1264 1675 1312 1736 pr.

78 1742 118 1805 de
149 1741 258 1805 cadnc.
286 1739 417 1821 toll.⁴⁸)
461 1741 551 1806 Idem
579 1743 629 1806 ius
659 1739 730 1805 aliis
762 1740 933 1807 heredibus
962 1742 1128 1820 institutis
1157 1742 1210 1822 qui
1237 1741 1313 1806 libe-

78 1825 198 1906 ros⁴⁹)
221 1825 387 1906 habebant,
410 1825 462 1890 lex
484 1827 584 1908 Papia
606 1826 703 1891 dedit.
748 1825 822 1907 Ulp.
847 1831 896 1907 25,
922 1833 970 1892 17.
1005 1827 1075 1892 Gai.
1100 1832 1129 1906 2,
1153 1831 1225 1892 206.
1263 1827 1313 1890 Iu-

79 1911 182 1975 venal.
207 1915 266 1975 sat.
291 1915 318 1989 6,
342 1916 393 1974 87.

167 1996 257 2074 Quae
279 1996 319 2060 ab
343 1995 432 2060 Initio
456 1994 616 2077 deficient,
647 1999 698 2064 vel
719 1999 751 2062 in
779 1996 893 2080 quibus
921 2000 1058 2062 testator
1079 2000 1193 2075 postea
1213 2001 1314 2062 muta-

78 2081 163 2146 verit
184 2083 387 2161 voluntatem,
411 2099 449 2146 ea
470 2083 634 2161 pronon
656 2085 820 2163 scriptis
842 2080 1009 2162 habentur,
1032 2099 1134 2164 eaque
1157 2082 1221 2146 iia
1243 2083 1310 2163 qui-

78 2168 139 2232 bus
163 2167 276 2232 reficta
298 2170 380 2245 sunt,
404 2166 473 2231 iure
496 2168 626 2250 antiquo
650 2167 853 2251 capiunt.⁶⁰)

78 2422 156 2483 solet,
175 2427 203 2469 et
223 2421 311 2471 dotale
329 2423 466 2485 praedium
484 2422 605 2471 Italicum
624 2422 667 2483 (cf.
686 2421 747 2487 Ulp.
766 2422 812 2471 lib.
831 2422 885 2471 VII
901 2422 934 2471 fr.
954 2421 1003 2472 139
1020 2422 1053 2472 de
1071 2420 1103 2469 V.
1125 2419 1152 2468 S.
1186 2419 1245 2469 Gai.
1265 2420 1309 2469 lib.

78 2490 117 2536 VI
136 2489 172 2537 ad
191 2489 234 2551 leg
260 2490 310 2538 Iul.
329 2498 355 2539 st
372 2490 437 2553 Pap.
456 2492 489 2543 fr.
510 2491 524 2537 ‘l
543 2490 575 2539 de
594 2489 702 2551 eeusib.)
726 2498 754 2540 et
779 2490 975 2553 quidquido
1003 2489 1097 2538 bonis
1123 2490 1242 2537 uxoria
1269 2489 1311 2538 vel

78 2556 235 2605 libertorum
258 2560 314 2607 eius
339 2559 378 2606 ad
402 2574 471 2607 eum
497 2560 666 2621 pervenit,
692 2565 726 2607 ut
751 2566 797 2621 et,
823 2560 849 2610 ai
869 2558 948 2607 dolo
971 2559 1059 2607 malo
1084 2558 1208 2607 factum
1230 2558 1310 2617 erit,

79 2627 259 2687 quominus
277 2630 486 2689 perveniret,
506 2633 626 2688 quanta
642 2628 785 2689 pecunIa
802 2628 881 2689 erit,
905 2633 1032 2675 tantam
1050 2628 1107 2689 ipae
1125 2627 1215 2674 eiusce
1233 2625 1309 2673 here·

79 2695 126 2741 des
154 2696 330 2757 pecuniam
355 2696 450 2755 dato,
476 2702 502 2742 et
524 2696 566 2741 vir
583 2695 660 2742 simul
676 2695 777 2744 tructus
796 2695 962 2757 quadriennii
979 2703 1115 2757 praestare
1140 2692 1223 2741 debet.
1260 2692 1308 2741 Sin

80 2760 200 2809 mulleris
219 2762 296 2825 culpa
315 2763 453 2811 discidium
471 2763 576 2822 sactum,
595 2777 697 2811 morum
715 2764 821 2825 quidem
836 2765 942 2813 nomine
958 2764 1068 2811 maritus
1084 2763 1237 2823 graviorum
1250 2763 1308 2823 qui-

80 2831 139 2879 dem
152 2835 263 2889 sextam,
275 2831 404 2879 leviorum
413 2839 534 2879 octavam
542 2830 611 2880 dotis
620 2839 722 2895 partem
734 2832 837 2883 retinet.
881 2830 1140 2892 45)Posteri0rpars
1150 2829 1216 2892 legis
1225 2830 1309 2880 Iuliae

79 2905 107 2946 et
119 2895 220 2960 Papiae
230 2897 378 2961 Poppaeae,
397 2901 459 2960 quia
475 2899 507 2948 de
523 2898 600 2949 bouis
619 2900 724 2949 caducis
743 2901 804 2962 egit,
822 2901 866 2949 lex
879 2900 948 2948 Iulia
960 2898 1101 2948 caducaria
1117 2896 1308 2961 appellabatur.

78 2965 142 3027 Ulp.
162 2968 204 3026 28,
224 2968 247 3015 7.
312 2968 356 3027 46)
376 2968 453 3016 Hane
470 2967 536 3030 legis
555 2969 718 3017 sanctionem
735 2968 824 3017 locum
842 2967 892 3015 sibi
911 2967 1044 3017 vindicare
1061 2972 1163 3013 tantum
1180 2966 1310 3029 potuisse,

79 3035 103 3081 si
121 3035 211 3096 plures
230 3034 375 3084 coheredes
393 3037 514 3085 extranei
531 3036 645 3085 instituti
662 3043 746 3097 erant,
764 3042 882 3099 apparet.
906 3034 975 3086 Nam
993 3036 1034 3085 aui
1051 3034 1162 3084 heredes
1180 3036 1238 3084 aine
1249 3034 1307 3083 adi·

80 3103 154 3151 tione
179 3103 351 3151 hereditatem
374 3105 525 3165 acquirunt,
550 3110 576 3155 et
600 3105 623 3153 si
646 3105 704 3165 quis
729 3118 763 3153 ex
786 3118 846 3153 asse
863 3104 941 3153 heres
967 3103 1080 3165 scriptus
1104 3109 1173 3163 erat,
1196 3103 1228 3152 de
1251 3104 1310 3153 iure

79 3170 250 3219 accrescendi
268 3174 376 3220 omnino
399 3186 454 3222 nou
472 3172 612 3234 agebatur,
639 3172 729 3235 itaqua
752 3186 801 3221 nec
819 3173 851 3221 de
870 3172 977 3221 caduco.
1014 3170 1054 3221 cf.
1072 3168 1147 3221 Paul.
1167 3171 1212 3220 lib.
1232 3170 1255 3217 V
1274 3171 1309 3221 ad

80 3239 130 3299 leg.
150 3238 202 3286 Iul.
221 3246 247 3286 et
264 3238 329 3302 Pap.
347 3240 379 3289 lr.
394 3242 427 3290 80
446 3240 477 3288 de
497 3242 596 3301 acquir.
615 3240 657 3289 vel
675 3242 758 3290 amitt
777 3240 866 3289 hored.
880 3240 913 3289 fr.
931 3242 966 3290 20
983 3239 1016 3289 de
1031 3240 1087 3288 iure
1105 3239 1219 3289 codicill.
1245 3238 1308 3301 Ulp.

80 3306 125 3354 lib.
145 3306 217 3355 XIII
237 3307 270 3356 fr.
289 3311 330 3359 10.
357 3310 387 3357 12
412 3315 514 3357 testam.
538 3308 684 3369 quemadm.
710 3323 781 3373 aper.
807 3306 865 3357 Gai.
890 3308 935 3359 lib.
960 3308 1002 3357 XI
1024 3308 1056 3357 fr.
1082 3309 1111 3357 11
1131 3308 1191 3357 eod.
1226 3307 1307 3355 Hei-

79 3375 217 3423 neccius
236 3376 274 3425 ita
292 3376 342 3425 hoc
361 3384 440 3439 capnt
458 3377 583 3425 restituit:
608 3377 803 3439 Hereditatem,
826 3378 849 3425 ai
867 3376 956 3439 plures
983 3378 1036 3425 sint
1053 3375 1198 3425 coheredes
1217 3380 1307 3426 extra·

79 3444 135 3501 nei,
154 3442 251 3491 tabulis
275 3446 425 3493 testamenti
449 3446 548 3507 apertis
566 3446 669 3494 demum
687 3444 760 3494 adire
778 3446 869 3506 liceto,
896 3458 980 3507 neque
1005 3450 1066 3494 autc
1085 3444 1142 3492 dies
1160 3444 1308 3505 legatorum

79 3525 145 3573 pure
165 3512 208 3559 vel
225 3512 253 3559 in
271 3512 340 3561 diem
358 3519 457 3562 certum
479 3513 632 3563 relictorum
656 3514 752 3565 cedite.
822 3515 867 3574 47)
886 3510 948 3562 Suis
966 3512 998 3563 el.
1017 3511 1076 3562 Gai.
1095 3511 1139 3563 lib.
1157 3510 1185 3559 X
1203 3511 1237 3559 ad
1255 3511 1306 3573 leg.

8 3584 10 3607 ³
78 3579 131 3627 Iul.
149 3586 176 3627 et
194 3578 257 3642 Pap.
275 3581 307 3629 fr.
327 3580 358 3629 13
378 3581 410 3630 de
428 3582 483 3630 suis
501 3588 528 3629 et
545 3582 594 3644 leg.
681 3582 726 3645 48)
750 3581 790 3631 cf.
809 3582 880 3631 Cels.
901 3582 918 3629 l.
937 3581 970 3632 29
988 3580 1011 3644 ξ.
1031 3582 1046 3628 2
1065 3580 1097 3629 de
1115 3580 1164 3640 leg.
1182 3578 1219 3629 Il.

79 3648 124 3705 49)
145 3646 186 3697 ct
212 3646 271 3697 Gai·
289 3648 333 3698 lib.
357 3648 384 3697 X
407 3650 441 3697 ad
464 3650 513 3710 leg.
536 3649 587 3699 Iul.
612 3655 638 3697 et
660 3648 725 3713 Pap.
745 3650 779 3701 fr.
799 3652 848 3701 149
872 3650 904 3699 dc
922 3649 954 3697 V.
974 3646 1002 3698 S.
1078 3648 1123 3708 50)
1146 3646 1223 3696 Hauc
1240 3647 1307 3708 lchs

8 3750 9 3769 ἶ
80 3714 166 3764 Iuliae
185 3721 212 3765 et
227 3715 325 3781 Papiae
344 3718 377 3765 de
395 3718 444 3779 his,
464 3731 530 3779 quae
548 3731 596 3780 pro
614 3732 668 3767 nou
688 3720 793 3781 scriptis
804 3717 940 3778 habentur,
956 3717 1112 3768 septemium
1127 3714 1308 3775 misceremus

8 3818 10 3869 l

8 3892 10 3937 l

82 3783 218 3844 colligitur
241 3784 273 3835 ab
298 3786 441 3835 Heineecio
463 3800 496 3835 ex
518 3786 657 3836 Iustiniani
681 3801 702 3835 c.
722 3801 766 3837 un.
783 3787 807 3850 ξ,
826 3787 886 3836 23
912 3786 944 3834 dc
972 3785 1062 3838 cadus.
1081 3783 1139 3835 toll.
1157 3784 1218 3835 coll.
1246 3782 1308 3845 Ulp.
