3009 4400
183 302 224 365 38

182 487 242 618 621ἒο
260 488 304 618 3eo
320 470 502 618 lrl2e7pensum
527 472 622 548 esset,
646 483 707 531 non
729 466 879 534 solvisset
900 467 1048 549 sponsori
1070 467 1249 547 pecuniam.
1294 467 1367 534 Gsi.
1393 471 1430 548 4,

228 603 235 619 .
287 605 295 634 ,
383 604 390 618 .

517 722 593 788 Lex
621 719 742 786 Furia
757 718 831 800 ¹⁶⁸)
854 719 909 802 ((16
931 718 1077 802 666666).

268 857 412 938 Sponsor
435 863 468 922 et
490 855 729 937 fidepromissor
755 874 816 935 per
842 855 948 935 legem
975 854 1105 919 Furiam
1133 854 1262 921 biennio
1283 854 1429 922 liberen-

183 942 335 1024 tur.¹⁶⁹)
381 941 511 1022 (1613,
544 946 614 1006 121.
640 945 714 1005 122.
756 938 1426 1021 1116.16296666611166616116.

184 1033 224 1092 28
247 1028 288 1094 de
311 1028 386 1108 stip.
416 1045 498 1092 serv.
543 1025 633 1090 Paul.
662 1025 701 1090 ir.
731 1030 772 1090 37
803 1025 845 1091 de
871 1023 1012 1089 fideiuss.
1041 1024 1155 1105 fragm.
1185 1025 1260 1091 Vct.
1289 1029 1352 1091 334
1381 1026 1427 1092 cf.

182 1112 221 1177 fr.
246 1119 285 1177 72
309 1113 350 1178 de
372 1116 535 1194 procurat.
563 1110 661 1176 Besil.
685 1128 755 1191 666.
779 1109 838 1175 611.
861 1110 903 1175 (16
924 1108 1065 1174 fideiuss
1097 1116 1130 1175 et
1154 1111 1296 1177 mandat.
1320 1116 1377 1192 26,
1403 1117 1423 1176 1

183 1197 323 1278 (Heimb.
336 1197 394 1278 III,
410 1217 441 1279 p.
460 1195 535 1279 105)
556 1216 582 1261 c.
601 1200 640 1261 29
664 1197 769 1260 restit.
792 1195 834 1261 de
850 1193 990 1260 fideiuss.
1015 1199 1049 1260 et
1070 1195 1212 1260 mandet.
1239 1193 1318 1263 God.
1340 1197 1428 1263 Gre-

182 1301 251 1363 gor.
274 1281 314 1346 de
337 1300 444 1362 spons.
467 1287 501 1346 et
523 1281 662 1347 fideiuss.
689 1285 738 1361 12,
764 1285 790 1346 l.
910 1294 913 1300 ·

268 1367 436 1448 Quotquot
467 1372 562 1432 erunt
593 1365 716 1432 numeri
744 1384 782 1431 eo
807 1371 972 1446 tempore,
1004 1382 1068 1443 quo
1097 1365 1239 1446 pecunia
1267 1367 1337 1446 peti
1365 1386 1427 1447 po-

181 1457 261 1534 test,
283 1453 316 1516 in
332 1457 388 1534 tot
409 1458 520 1533 partes
549 1451 718 1517 deducitur
739 1452 825 1516 inter
847 1469 903 1516 eos
930 1449 1084 1530 obligatio
1106 1456 1141 1516 61
1169 1451 1288 1530 singuli
1309 1453 1425 1519 viriles

182 1543 293 1618 partes
316 1536 575 1602 dere'iubentur.
621 1536 691 1601 Gai.
715 1540 743 1616 3,
770 1540 840 1614 121.
866 1541 943 1616 122;
966 1541 995 1616 4,
1019 1538 1070 1598 22.

268 1621 336 1687 Lex
367 1622 466 1687 Furia
499 1621 539 1686 (16
569 1639 689 1701 666666
718 1620 874 1686 adversus
903 1637 991 1700 eum,
1021 1619 1124 1699 6616
1158 1637 1316 1699 sponsore
1333 1680 1337 1685 ,
1344 1621 1425 1701 plus

182 1725 277 1788 quam
304 1707 426 1772 virilem
454 1712 581 1786 portem
612 1706 786 1787 exegisset,
814 1725 873 1786 pro
901 1706 1042 1770 iudicato
1071 1723 1184 1770 manus
1212 1706 1426 1774 iniectionem

184 1791 282 1856 dedit.
328 1792 398 1856 Gai.
421 1798 451 1872 4,
474 1789 616 1872 22190)

267 1877 335 1941 Lex
357 1877 456 1942 Furio
477 1880 602 1941 tantum
624 1875 656 1940 in
679 1873 774 1939 ltalia
796 1873 901 1939 locum
922 1874 1031 1940 habet.
1071 1872 1142 1939 Gai.
1167 1877 1200 1956 3,
1226 1879 1297 1938 121.
1323 1879 1397 1942 122.

604 2045 682 2111 Lex
704 2040 992 2125 Pompeia.¹⁶¹)

267 2163 355 2245 Lege
376 2162 614 2246 Pompeiam)
638 2168 767 2230 cautum
790 2169 855 2245 661,
882 2166 920 2227 61
940 2161 968 2226 16
991 2160 1047 2241 661
1068 2178 1241 2241 sponsores
1263 2168 1322 2227 661
1344 2160 1425 2230 lide

180 2250 391 2330 promissores
414 2250 563 2330 66616161,
593 2249 760 2331 praedicet
787 2248 893 2330 palem
922 2252 955 2313 et
977 2246 1134 2327 declaret,
1164 2253 1197 2312 et
1225 2248 1266 2313 de
1296 2266 1361 2329 666
1384 2268 1424 2315 re

182 2335 260 2399 66116
283 2334 419 2415 66616161
447 2341 481 2399 61
504 2340 583 2416 6661
605 2352 778 2415 sponsores
805 2331 1158 2413 66111666661666666
1187 2332 1220 2396 in
1248 2351 1320 2398 eum
1342 2335 1426 2399 obli-

181 2420 343 2501 gotionem
365 2425 555 2500 accepturus
578 2420 635 2500 sit;
668 2426 702 2485 et
728 2421 790 2484 nisi
818 2418 1032 2499 praedixerit,
1063 2417 1266 2497 permittitur
1287 2436 1425 2499 sponso·

181 2504 269 2572 ribus
292 2510 326 2569 et
347 2502 657 2584 fidepromissoribus
683 2505 771 2570 intra
797 2505 882 2570 diem
912 2503 1013 2567 XXX.
1042 2502 1275 2582 praeiudicium
1307 2511 1425 2584 postu-

181 2589 263 2669 lare,
293 2607 356 2668 quc
385 2592 560 2668 quaeratur
588 2608 628 2654 66
652 2609 691 2656 ex
714 2609 753 2655 66
775 2590 847 2670 lege
875 2588 1077 2669 praedictum
1099 2588 1156 2667 sit;
1185 2594 1219 2653 61
1245 2590 1273 2653 61
1299 2590 1425 2655 iudico-
1503 2597 1504 2644 l

181 2681 250 2739 tum
270 2673 370 2740 luerit
391 2674 592 2755 praedictum
613 2694 678 2740 non
700 2693 785 2757 esse,
807 2675 996 2739 liberentur.
1033 2672 1104 2738 Gai.
1129 2678 1162 2754 3,
1188 2677 1260 2739 123.

601 2843 681 2908 Lex
710 2841 990 2923 Cornelie.¹⁶⁸)

266 2961 461 3028 Beneficium
490 2962 570 3043 legis
599 2961 768 3028 Corneliae
797 2961 942 3027 omnibus
970 2979 1138 3027 commune
1160 2967 1225 3027 est:
1257 2980 1322 3043 666
1344 2960 1423 3045 lege

180 3046 266 3111 idem
288 3066 346 3127 pro
371 3048 484 3113 eodem
506 3048 593 3129 apud
615 3048 750 3114 eundem
774 3046 885 3112 eodem
907 3065 990 3112 anno
1012 3052 1144 3112 vetetur
1171 3048 1204 3111 iu
1227 3047 1422 3127 ampliorem
1498 3107 1499 3110 ,

180 3148 334 3195 summam
357 3132 492 3215 obligari
515 3132 657 3198 creditae
679 3133 844 3214 pecuniae,
867 3148 962 3214 quam
982 3132 1015 3197 in
1038 3132 1100 3195 XX
1120 3132 1226 3211 milia3
1251 3138 1285 3197 et
1307 3150 1423 3211 quem·

180 3216 228 3279 vis
250 3234 386 3296 sponsor
407 3218 459 3283 vel
473 3216 712 3299 fideprcmlssor
733 3217 767 3282 16
788 3218 926 3298 amplam
940 3217 1116 3298 pecuniam,
1138 3217 1229 3282 uelut
1249 3217 1277 3282 si
1298 3223 1423 3284 sester-

180 3468 262 3519 Gsius
287 3485 314 3533 p.
342 3469 374 3519 33
398 3484 437 3532 66.
477 3469 608 3530 Keller,
635 3469 667 3519 R.
693 3468 747 3525 ΟΡ,
773 3471 796 3535 ξ.
821 3470 862 3521 19.
906 3467 1104 3531 Girtsnner,
1131 3485 1159 3534 p.
1184 3471 1216 3521 15
1238 3484 1279 3533 sq.
1354 3472 1421 3534 158)

178 3538 349 3599 Huschke,
367 3536 400 3587 R.
420 3538 445 3589 d.
464 3536 534 3587 Nex.
552 3554 578 3602 p.
596 3538 653 3587 141.
674 3540 731 3590 143.
767 3536 857 3599 Gaius,
874 3554 901 3603 p.
921 3538 954 3586 84
971 3552 1031 3600 sqq.
1068 3536 1230 3599 Rudorff,
1249 3538 1354 3589 lechr.
1375 3539 1422 3589 fur

178 3606 267 3669 gesch.
286 3606 346 3658 Rw.
365 3606 433 3654 XIV
449 3618 475 3669 p.
492 3607 552 3655 440.
588 3606 763 3670 Huschke,
780 3606 813 3657 R.
832 3607 859 3657 d.
877 3605 983 3655 Nexum
999 3622 1026 3669 p.
1048 3608 1095 3657 142
1114 3621 1153 3669 66.
1202 3606 1262 3671 159)
1280 3606 1421 3670 Keller,

178 3672 210 3724 R.
231 3672 285 3724 GP.
309 3674 331 3739 ξ.
353 3675 393 3724 19.
428 3672 612 3736 Dsmelius,
632 3674 823 3739 Untersnchgg.
842 3675 856 3725 I
876 3690 902 3739 p.
923 3676 1030 3736 10666.
1054 3690 1079 3738 p.
1106 3675 1137 3723 16
1161 3682 1216 3727 not.
1236 3676 1261 3724 6.
1354 3677 1422 3738 160)

177 3742 342 3805 Huschke,
363 3742 416 3793 11.
489 3744 549 3803 161)
566 3744 737 3805 anhke,
765 3742 825 3794 Gai.
847 3758 873 3807 p.
891 3744 935 3796 99.
968 3742 1338 3806 Boecking,odGsi.3,
1359 3744 1421 3796 123.

177 3817 232 3858 not.
256 3812 281 3862 3.
370 3812 431 3872 162)
454 3810 509 3862 vid.
527 3812 697 3874 Huschke,
721 3813 781 3865 1.1.
869 3812 930 3872 163)
954 3810 1129 3872 Huschke,
1152 3808 1236 3861 Gaius
1259 3827 1287 3875 p.
1306 3814 1353 3862 91.
