<?xml version="1.0" encoding="UTF-8"?>
<!DOCTYPE html PUBLIC "-//W3C//DTD XHTML 1.0 Transitional//EN"
    "http://www.w3.org/TR/xhtml1/DTD/xhtml1-transitional.dtd">
<html xmlns="http://www.w3.org/1999/xhtml" xml:lang="en" lang="en">
 <head>
  <title>
</title>
<meta http-equiv="Content-Type" content="text/html;charset=utf-8" />
  <meta name='ocr-system' content='tesseract 3.04.00' />
  <meta name='ocr-capabilities' content='ocr_page ocr_carea ocr_par ocr_line ocrx_word'/>
</head>
<body>
  <div class='ocr_page' id='page_1' title='image "./legumquaeadiusc00demegoog_0041.png"; bbox 0 0 3009 4400; ppageno 0'>
   <div class='ocr_carea' id='block_1_1' title="bbox 1281 278 1321 338">
    <p class='ocr_par' dir='ltr' id='par_1_1' title="bbox 1281 278 1321 338">
     <span class='ocr_line' id='line_1_1' title="bbox 1281 278 1321 338; baseline -0.05 0"><span class='ocrx_word' id='word_1_1' title='bbox 1281 278 1321 338; x_wconf 79' lang='lat'>29</span> 
     </span>
    </p>
   </div>
   <div class='ocr_carea' id='block_1_2' title="bbox 82 439 1328 2127">
    <p class='ocr_par' dir='ltr' id='par_1_2' title="bbox 82 439 1328 2127">
     <span class='ocr_line' id='line_1_2' title="bbox 82 439 1321 524; baseline 0.002 -18"><span class='ocrx_word' id='word_1_2' title='bbox 82 442 310 507; x_wconf 76' lang='lat' dir='ltr'><strong>manumittere</strong></span> <span class='ocrx_word' id='word_1_3' title='bbox 332 440 494 521; x_wconf 88' lang='lat' dir='ltr'>concedit;</span> <span class='ocrx_word' id='word_1_4' title='bbox 522 459 542 505; x_wconf 93' lang='lat' dir='ltr'>a</span> <span class='ocrx_word' id='word_1_5' title='bbox 563 440 674 506; x_wconf 86' lang='lat' dir='ltr'>decern</span> <span class='ocrx_word' id='word_1_6' title='bbox 696 455 798 521; x_wconf 86' lang='lat' dir='ltr'>usqne</span> <span class='ocrx_word' id='word_1_7' title='bbox 820 440 861 504; x_wconf 88' lang='lat' dir='ltr'>ad</span> <span class='ocrx_word' id='word_1_8' title='bbox 882 439 1017 522; x_wconf 83' lang='lat' dir='ltr'>triginta</span> <span class='ocrx_word' id='word_1_9' title='bbox 1037 440 1167 506; x_wconf 78' lang='lat' dir='ltr'>tertiam</span> <span class='ocrx_word' id='word_1_10' title='bbox 1187 447 1321 524; x_wconf 87' lang='lat' dir='ltr'>partem,</span> 
     </span>
     <span class='ocr_line' id='line_1_3' title="bbox 83 523 1321 608; baseline 0.002 -18"><span class='ocrx_word' id='word_1_11' title='bbox 83 529 252 592; x_wconf 84' lang='lat' dir='ltr'>attamen</span> <span class='ocrx_word' id='word_1_12' title='bbox 273 525 376 592; x_wconf 90' lang='lat' dir='ltr'>adhuc</span> <span class='ocrx_word' id='word_1_13' title='bbox 404 527 544 608; x_wconf 87' lang='lat' dir='ltr'>quinque</span> <span class='ocrx_word' id='word_1_14' title='bbox 572 526 797 591; x_wconf 81' lang='lat' dir='ltr'><strong>manumittere</strong></span> <span class='ocrx_word' id='word_1_15' title='bbox 824 523 932 606; x_wconf 88' lang='lat' dir='ltr'>liccat,</span> <span class='ocrx_word' id='word_1_16' title='bbox 959 542 1061 606; x_wconf 87' lang='lat' dir='ltr'>aeque</span> <span class='ocrx_word' id='word_1_17' title='bbox 1089 531 1126 589; x_wconf 93' lang='lat' dir='ltr'>ut</span> <span class='ocrx_word' id='word_1_18' title='bbox 1151 545 1192 593; x_wconf 84' lang='lat' dir='ltr'>ex</span> <span class='ocrx_word' id='word_1_19' title='bbox 1219 529 1321 608; x_wconf 84' lang='lat' dir='ltr'>priori</span> 
     </span>
     <span class='ocr_line' id='line_1_4' title="bbox 83 610 1323 694; baseline 0.002 -18"><span class='ocrx_word' id='word_1_20' title='bbox 83 629 233 691; x_wconf 89' lang='lat' dir='ltr'>numero;</span> <span class='ocrx_word' id='word_1_21' title='bbox 256 630 276 677; x_wconf 89' lang='lat' dir='ltr'>a</span> <span class='ocrx_word' id='word_1_22' title='bbox 296 612 431 694; x_wconf 83' lang='lat' dir='ltr'>triginta</span> <span class='ocrx_word' id='word_1_23' title='bbox 459 629 559 694; x_wconf 90' lang='lat' dir='ltr'>nsque</span> <span class='ocrx_word' id='word_1_24' title='bbox 590 610 630 676; x_wconf 89' lang='lat' dir='ltr'>ad</span> <span class='ocrx_word' id='word_1_25' title='bbox 659 615 788 676; x_wconf 87' lang='lat' dir='ltr'>centum</span> <span class='ocrx_word' id='word_1_26' title='bbox 815 614 962 692; x_wconf 77' lang='lat' dir='ltr'>quartam</span> <span class='ocrx_word' id='word_1_27' title='bbox 987 614 1126 691; x_wconf 90' lang='lat' dir='ltr'>partem,</span> <span class='ocrx_word' id='word_1_28' title='bbox 1156 630 1259 694; x_wconf 88' lang='lat' dir='ltr'>acque</span> <span class='ocrx_word' id='word_1_29' title='bbox 1285 619 1323 679; x_wconf 88' lang='lat' dir='ltr'>ut</span> 
     </span>
     <span class='ocr_line' id='line_1_5' title="bbox 83 695 1322 779; baseline 0.004 -20"><span class='ocrx_word' id='word_1_30' title='bbox 83 695 197 763; x_wconf 91' lang='lat' dir='ltr'>decem</span> <span class='ocrx_word' id='word_1_31' title='bbox 226 715 266 761; x_wconf 86' lang='lat' dir='ltr'>ex</span> <span class='ocrx_word' id='word_1_32' title='bbox 286 697 445 777; x_wconf 84' lang='lat' dir='ltr'>superiori</span> <span class='ocrx_word' id='word_1_33' title='bbox 472 715 604 762; x_wconf 90' lang='lat' dir='ltr'>numero</span> <span class='ocrx_word' id='word_1_34' title='bbox 631 695 762 761; x_wconf 87' lang='lat' dir='ltr'>liberari</span> <span class='ocrx_word' id='word_1_35' title='bbox 789 697 927 776; x_wconf 90' lang='lat' dir='ltr'>possint;</span> <span class='ocrx_word' id='word_1_36' title='bbox 956 713 976 760; x_wconf 93' lang='lat' dir='ltr'>a</span> <span class='ocrx_word' id='word_1_37' title='bbox 1004 698 1129 760; x_wconf 90' lang='lat' dir='ltr'>centum</span> <span class='ocrx_word' id='word_1_38' title='bbox 1156 699 1322 779; x_wconf 92' lang='lat' dir='ltr'>usquead</span> 
     </span>
     <span class='ocr_line' id='line_1_6' title="bbox 85 781 1322 864; baseline 0.002 -18"><span class='ocrx_word' id='word_1_39' title='bbox 85 783 278 864; x_wconf 84' lang='lat' dir='ltr'>quingentos</span> <span class='ocrx_word' id='word_1_40' title='bbox 306 788 434 862; x_wconf 87' lang='lat' dir='ltr'>partem</span> <span class='ocrx_word' id='word_1_41' title='bbox 466 783 622 863; x_wconf 85' lang='lat' dir='ltr'>quintam,</span> <span class='ocrx_word' id='word_1_42' title='bbox 651 782 799 846; x_wconf 87' lang='lat' dir='ltr'>similiter</span> <span class='ocrx_word' id='word_1_43' title='bbox 826 784 864 844; x_wconf 87' lang='lat' dir='ltr'>ut</span> <span class='ocrx_word' id='word_1_44' title='bbox 892 800 931 846; x_wconf 82' lang='lat' dir='ltr'>ex</span> <span class='ocrx_word' id='word_1_45' title='bbox 961 781 1163 846; x_wconf 82' lang='lat' dir='ltr'>antecedenti</span> <span class='ocrx_word' id='word_1_46' title='bbox 1189 802 1322 850; x_wconf 91' lang='lat' dir='ltr'>numero</span> 
     </span>
     <span class='ocr_line' id='line_1_7' title="bbox 83 865 1324 950; baseline 0.002 -18"><span class='ocrx_word' id='word_1_47' title='bbox 83 868 199 948; x_wconf 80' lang='lat' dir='ltr'>uiginti</span> <span class='ocrx_word' id='word_1_48' title='bbox 221 867 360 950; x_wconf 90' lang='lat' dir='ltr'>quinque</span> <span class='ocrx_word' id='word_1_49' title='bbox 382 867 507 947; x_wconf 86' lang='lat' dir='ltr'>possint</span> <span class='ocrx_word' id='word_1_50' title='bbox 526 865 597 932; x_wconf 90' lang='lat' dir='ltr'>fieri</span> <span class='ocrx_word' id='word_1_51' title='bbox 618 866 723 947; x_wconf 87' lang='lat' dir='ltr'>liberi,</span> <span class='ocrx_word' id='word_1_52' title='bbox 747 870 781 931; x_wconf 89' lang='lat' dir='ltr'>et</span> <span class='ocrx_word' id='word_1_53' title='bbox 802 865 939 947; x_wconf 87' lang='lat' dir='ltr'>denique</span> <span class='ocrx_word' id='word_1_54' title='bbox 959 866 1130 947; x_wconf 82' lang='lat' dir='ltr'>praecipit,</span> <span class='ocrx_word' id='word_1_55' title='bbox 1152 887 1192 934; x_wconf 87' lang='lat' dir='ltr'>ne</span> <span class='ocrx_word' id='word_1_56' title='bbox 1213 868 1324 948; x_wconf 85' lang='lat' dir='ltr'>plures</span> 
     </span>
     <span class='ocr_line' id='line_1_8' title="bbox 86 949 1324 1035; baseline -0.001 -16"><span class='ocrx_word' id='word_1_57' title='bbox 86 953 213 1019; x_wconf 93' lang='lat' dir='ltr'>omnino</span> <span class='ocrx_word' id='word_1_58' title='bbox 236 971 331 1034; x_wconf 88' lang='lat' dir='ltr'>quarn</span> <span class='ocrx_word' id='word_1_59' title='bbox 353 956 480 1016; x_wconf 87' lang='lat' dir='ltr'>centum</span> <span class='ocrx_word' id='word_1_60' title='bbox 503 969 543 1016; x_wconf 86' lang='lat' dir='ltr'>ex</span> <span class='ocrx_word' id='word_1_61' title='bbox 564 952 751 1034; x_wconf 88' lang='lat' dir='ltr'>cuiusquam</span> <span class='ocrx_word' id='word_1_62' title='bbox 774 954 963 1016; x_wconf 87' lang='lat' dir='ltr'>testamento</span> <span class='ocrx_word' id='word_1_63' title='bbox 984 949 1078 1016; x_wconf 88' lang='lat' dir='ltr'>liberi</span> <span class='ocrx_word' id='word_1_64' title='bbox 1098 949 1189 1035; x_wconf 90' lang='lat' dir='ltr'>fiant,</span> <span class='ocrx_word' id='word_1_65' title='bbox 1220 955 1266 1018; x_wconf 91' lang='lat' dir='ltr'>ita</span> <span class='ocrx_word' id='word_1_66' title='bbox 1287 959 1324 1020; x_wconf 89' lang='lat' dir='ltr'>ut</span> 
     </span>
     <span class='ocr_line' id='line_1_9' title="bbox 86 1037 1324 1119; baseline 0.003 -17"><span class='ocrx_word' id='word_1_67' title='bbox 86 1038 142 1118; x_wconf 89' lang='lat' dir='ltr'>qui</span> <span class='ocrx_word' id='word_1_68' title='bbox 164 1055 263 1119; x_wconf 89' lang='lat' dir='ltr'>supra</span> <span class='ocrx_word' id='word_1_69' title='bbox 284 1038 493 1103; x_wconf 90' lang='lat' dir='ltr'>constitutum</span> <span class='ocrx_word' id='word_1_70' title='bbox 514 1055 682 1102; x_wconf 86' lang='lat' dir='ltr'>numerum</span> <span class='ocrx_word' id='word_1_71' title='bbox 710 1037 895 1102; x_wconf 88' lang='lat' dir='ltr'>manumissi</span> <span class='ocrx_word' id='word_1_72' title='bbox 915 1037 1078 1117; x_wconf 84' lang='lat' dir='ltr'>leguntur,</span> <span class='ocrx_word' id='word_1_73' title='bbox 1106 1038 1139 1102; x_wconf 93' lang='lat' dir='ltr'>in</span> <span class='ocrx_word' id='word_1_74' title='bbox 1168 1040 1324 1106; x_wconf 83' lang='lat' dir='ltr'>servitute</span> 
     </span>
     <span class='ocr_line' id='line_1_10' title="bbox 86 1121 1324 1204; baseline 0.002 -17"><span class='ocrx_word' id='word_1_75' title='bbox 86 1128 310 1204; x_wconf 87' lang='lat' dir='ltr'>permaneant,</span> <span class='ocrx_word' id='word_1_76' title='bbox 337 1123 399 1187; x_wconf 92' lang='lat' dir='ltr'>illis</span> <span class='ocrx_word' id='word_1_77' title='bbox 426 1126 547 1203; x_wconf 89' lang='lat' dir='ltr'>autem,</span> <span class='ocrx_word' id='word_1_78' title='bbox 575 1121 628 1204; x_wconf 92' lang='lat' dir='ltr'>qui</span> <span class='ocrx_word' id='word_1_79' title='bbox 657 1121 747 1202; x_wconf 91' lang='lat' dir='ltr'>prius</span> <span class='ocrx_word' id='word_1_80' title='bbox 774 1123 958 1186; x_wconf 88' lang='lat' dir='ltr'>manumissi</span> <span class='ocrx_word' id='word_1_81' title='bbox 980 1125 1055 1185; x_wconf 92' lang='lat' dir='ltr'>sunt</span> <span class='ocrx_word' id='word_1_82' title='bbox 1082 1141 1182 1203; x_wconf 86' lang='lat' dir='ltr'>usquo</span> <span class='ocrx_word' id='word_1_83' title='bbox 1204 1125 1246 1189; x_wconf 92' lang='lat' dir='ltr'>ad</span> <span class='ocrx_word' id='word_1_84' title='bbox 1267 1143 1324 1190; x_wconf 93' lang='lat' dir='ltr'>nu-</span> 
     </span>
     <span class='ocr_line' id='line_1_11' title="bbox 86 1206 1324 1290; baseline 0.002 -19"><span class='ocrx_word' id='word_1_85' title='bbox 86 1227 210 1273; x_wconf 90' lang='lat' dir='ltr'>merum</span> <span class='ocrx_word' id='word_1_86' title='bbox 230 1208 419 1290; x_wconf 84' lang='lat' dir='ltr'>legitimum,</span> <span class='ocrx_word' id='word_1_87' title='bbox 447 1207 578 1272; x_wconf 85' lang='lat' dir='ltr'>libertas</span> <span class='ocrx_word' id='word_1_88' title='bbox 604 1206 719 1273; x_wconf 86' lang='lat' dir='ltr'>valcat.</span> <span class='ocrx_word' id='word_1_89' title='bbox 764 1208 879 1289; x_wconf 83' lang='lat' dir='ltr'>Itaque</span> <span class='ocrx_word' id='word_1_90' title='bbox 907 1207 1020 1272; x_wconf 88' lang='lat' dir='ltr'>eadem</span> <span class='ocrx_word' id='word_1_91' title='bbox 1039 1207 1092 1272; x_wconf 86' lang='lat' dir='ltr'>lex</span> <span class='ocrx_word' id='word_1_92' title='bbox 1114 1209 1209 1289; x_wconf 88' lang='lat' dir='ltr'>cavit,</span> <span class='ocrx_word' id='word_1_93' title='bbox 1231 1214 1269 1275; x_wconf 90' lang='lat' dir='ltr'>ut</span> <span class='ocrx_word' id='word_1_94' title='bbox 1289 1210 1324 1274; x_wconf 94' lang='lat' dir='ltr'>li-</span> 
     </span>
     <span class='ocr_line' id='line_1_12' title="bbox 85 1291 1325 1373; baseline 0.001 -15"><span class='ocrx_word' id='word_1_95' title='bbox 85 1292 231 1360; x_wconf 85' lang='lat' dir='ltr'>bertates</span> <span class='ocrx_word' id='word_1_96' title='bbox 253 1294 354 1358; x_wconf 88' lang='lat' dir='ltr'>servis</span> <span class='ocrx_word' id='word_1_97' title='bbox 375 1297 565 1358; x_wconf 88' lang='lat' dir='ltr'>testamento</span> <span class='ocrx_word' id='word_1_98' title='bbox 587 1293 772 1357; x_wconf 87' lang='lat' dir='ltr'>nominatim</span> <span class='ocrx_word' id='word_1_99' title='bbox 794 1297 828 1357; x_wconf 92' lang='lat' dir='ltr'>et</span> <span class='ocrx_word' id='word_1_100' title='bbox 856 1297 945 1357; x_wconf 86' lang='lat' dir='ltr'>certo</span> <span class='ocrx_word' id='word_1_101' title='bbox 967 1291 1078 1357; x_wconf 88' lang='lat' dir='ltr'>ordine</span> <span class='ocrx_word' id='word_1_102' title='bbox 1099 1294 1227 1373; x_wconf 87' lang='lat' dir='ltr'>scriptis</span> <span class='ocrx_word' id='word_1_103' title='bbox 1250 1295 1325 1361; x_wconf 89' lang='lat' dir='ltr'>den·</span> 
     </span>
     <span class='ocr_line' id='line_1_13' title="bbox 86 1377 1325 1462; baseline 0.003 -20"><span class='ocrx_word' id='word_1_104' title='bbox 86 1383 150 1443; x_wconf 88' lang='lat' dir='ltr'>tur.</span> <span class='ocrx_word' id='word_1_105' title='bbox 195 1378 228 1445; x_wconf 86' lang='lat' dir='ltr'>Si</span> <span class='ocrx_word' id='word_1_106' title='bbox 249 1383 441 1445; x_wconf 87' lang='lat' dir='ltr'>testamento</span> <span class='ocrx_word' id='word_1_107' title='bbox 463 1378 590 1459; x_wconf 89' lang='lat' dir='ltr'>scriptis</span> <span class='ocrx_word' id='word_1_108' title='bbox 613 1378 646 1442; x_wconf 94' lang='lat' dir='ltr'>in</span> <span class='ocrx_word' id='word_1_109' title='bbox 667 1378 778 1444; x_wconf 90' lang='lat' dir='ltr'>orbem</span> <span class='ocrx_word' id='word_1_110' title='bbox 799 1379 901 1443; x_wconf 87' lang='lat' dir='ltr'>servis</span> <span class='ocrx_word' id='word_1_111' title='bbox 921 1377 1053 1443; x_wconf 85' lang='lat' dir='ltr'>libertas</span> <span class='ocrx_word' id='word_1_112' title='bbox 1073 1379 1150 1443; x_wconf 87' lang='lat' dir='ltr'>data</span> <span class='ocrx_word' id='word_1_113' title='bbox 1171 1380 1226 1459; x_wconf 92' lang='lat' dir='ltr'>sit,</span> <span class='ocrx_word' id='word_1_114' title='bbox 1249 1381 1325 1462; x_wconf 89' lang='lat' dir='ltr'>quia</span> 
     </span>
     <span class='ocr_line' id='line_1_14' title="bbox 86 1462 1325 1546; baseline 0 -17"><span class='ocrx_word' id='word_1_115' title='bbox 86 1462 193 1529; x_wconf 91' lang='lat' dir='ltr'>nullus</span> <span class='ocrx_word' id='word_1_116' title='bbox 219 1463 298 1529; x_wconf 85' lang='lat' dir='ltr'>ordo</span> <span class='ocrx_word' id='word_1_117' title='bbox 327 1463 581 1529; x_wconf 85' lang='lat' dir='ltr'>manumissionis</span> <span class='ocrx_word' id='word_1_118' title='bbox 606 1463 782 1545; x_wconf 87' lang='lat' dir='ltr'>invenitur,</span> <span class='ocrx_word' id='word_1_119' title='bbox 809 1463 886 1528; x_wconf 93' lang='lat' dir='ltr'>nulli</span> <span class='ocrx_word' id='word_1_120' title='bbox 912 1462 1005 1528; x_wconf 91' lang='lat' dir='ltr'>liberi</span> <span class='ocrx_word' id='word_1_121' title='bbox 1035 1469 1146 1527; x_wconf 82' lang='lat' dir='ltr'>erunt:</span> <span class='ocrx_word' id='word_1_122' title='bbox 1172 1465 1248 1546; x_wconf 91' lang='lat' dir='ltr'>quia</span> <span class='ocrx_word' id='word_1_123' title='bbox 1272 1464 1325 1531; x_wconf 84' lang='lat' dir='ltr'>lcx</span> 
     </span>
     <span class='ocr_line' id='line_1_15' title="bbox 86 1547 1325 1633; baseline 0.001 -20"><span class='ocrx_word' id='word_1_124' title='bbox 86 1549 187 1614; x_wconf 88' lang='lat' dir='ltr'>Furia</span> <span class='ocrx_word' id='word_1_125' title='bbox 207 1548 341 1615; x_wconf 84' lang='lat' dir='ltr'>Caninia</span> <span class='ocrx_word' id='word_1_126' title='bbox 361 1567 443 1632; x_wconf 87' lang='lat' dir='ltr'>quac</span> <span class='ocrx_word' id='word_1_127' title='bbox 470 1550 502 1614; x_wconf 94' lang='lat' dir='ltr'>in</span> <span class='ocrx_word' id='word_1_128' title='bbox 523 1548 669 1616; x_wconf 78' lang='lat' dir='ltr'>fraudem</span> <span class='ocrx_word' id='word_1_129' title='bbox 692 1550 761 1614; x_wconf 88' lang='lat' dir='ltr'>eius</span> <span class='ocrx_word' id='word_1_130' title='bbox 782 1547 965 1628; x_wconf 71' lang='lat' dir='ltr'>laetasint,</span> <span class='ocrx_word' id='word_1_131' title='bbox 993 1547 1155 1614; x_wconf 83' lang='lat' dir='ltr'>rescindit.</span> <span class='ocrx_word' id='word_1_132' title='bbox 1199 1548 1273 1630; x_wconf 92' lang='lat' dir='ltr'>Ulp.</span> <span class='ocrx_word' id='word_1_133' title='bbox 1298 1556 1325 1633; x_wconf 90' lang='lat'>1,</span> 
     </span>
     <span class='ocr_line' id='line_1_16' title="bbox 87 1633 1326 1717; baseline 0.001 -18"><span class='ocrx_word' id='word_1_134' title='bbox 87 1638 138 1700; x_wconf 87' lang='grc'>24.</span> <span class='ocrx_word' id='word_1_135' title='bbox 163 1639 214 1700; x_wconf 87' lang='grc'>25.</span> <span class='ocrx_word' id='word_1_136' title='bbox 260 1634 331 1701; x_wconf 82' lang='lat' dir='ltr'>Gai.</span> <span class='ocrx_word' id='word_1_137' title='bbox 354 1635 430 1716; x_wconf 84' lang='lat' dir='ltr'>epit.</span> <span class='ocrx_word' id='word_1_138' title='bbox 456 1639 483 1717; x_wconf 96' lang='lat'>1,</span> <span class='ocrx_word' id='word_1_139' title='bbox 506 1639 535 1700; x_wconf 85' lang='lat'>2.</span> <span class='ocrx_word' id='word_1_140' title='bbox 580 1633 650 1700; x_wconf 85' lang='lat' dir='ltr'>Gai.</span> <span class='ocrx_word' id='word_1_141' title='bbox 677 1637 708 1715; x_wconf 91' lang='lat'>1,</span> <span class='ocrx_word' id='word_1_142' title='bbox 732 1638 882 1698; x_wconf 81' lang='grc'>42-46,</span> <span class='ocrx_word' id='word_1_143' title='bbox 908 1638 977 1698; x_wconf 88' lang='grc'><strong>139.</strong></span> <span class='ocrx_word' id='word_1_144' title='bbox 1001 1638 1036 1714; x_wconf 89' lang='grc'>2,</span> <span class='ocrx_word' id='word_1_145' title='bbox 1065 1637 1137 1699; x_wconf 84' lang='grc'>223.</span> <span class='ocrx_word' id='word_1_146' title='bbox 1181 1633 1270 1700; x_wconf 85' lang='lat' dir='ltr'>Paul.</span> <span class='ocrx_word' id='word_1_147' title='bbox 1300 1655 1326 1700; x_wconf 80' lang='lat' dir='ltr'>s,</span> 
     </span>
     <span class='ocr_line' id='line_1_17' title="bbox 88 1717 1325 1802; baseline 0.003 -20"><span class='ocrx_word' id='word_1_148' title='bbox 88 1739 114 1784; x_wconf 92' lang='lat' dir='ltr'>r.</span> <span class='ocrx_word' id='word_1_149' title='bbox 137 1724 167 1801; x_wconf 88' lang='lat'>4,</span> <span class='ocrx_word' id='word_1_150' title='bbox 193 1724 242 1785; x_wconf 83' lang='lat'>14.</span> <span class='ocrx_word' id='word_1_151' title='bbox 274 1720 440 1785; x_wconf 87' lang='lat' dir='ltr'>Iustinian.</span> <span class='ocrx_word' id='word_1_152' title='bbox 463 1737 490 1786; x_wconf 92' lang='lat' dir='ltr'>c.</span> <span class='ocrx_word' id='word_1_153' title='bbox 513 1737 565 1785; x_wconf 87' lang='lat' dir='ltr'>un.</span> <span class='ocrx_word' id='word_1_154' title='bbox 588 1719 629 1785; x_wconf 91' lang='lat' dir='ltr'>de</span> <span class='ocrx_word' id='word_1_155' title='bbox 650 1718 712 1801; x_wconf 84' lang='lat' dir='ltr'>leg.</span> <span class='ocrx_word' id='word_1_156' title='bbox 735 1718 811 1784; x_wconf 86' lang='lat' dir='ltr'>Fur.</span> <span class='ocrx_word' id='word_1_157' title='bbox 835 1717 945 1784; x_wconf 83' lang='lat' dir='ltr'>Oanin.</span> <span class='ocrx_word' id='word_1_158' title='bbox 967 1718 1034 1783; x_wconf 86' lang='lat' dir='ltr'>toll.</span> <span class='ocrx_word' id='word_1_159' title='bbox 1056 1719 1082 1784; x_wconf 91' lang='lat' dir='ltr'>I.</span> <span class='ocrx_word' id='word_1_160' title='bbox 1101 1718 1141 1785; x_wconf 91' lang='lat' dir='ltr'>de</span> <span class='ocrx_word' id='word_1_161' title='bbox 1163 1720 1226 1802; x_wconf 83' lang='lat' dir='ltr'>leg.</span> <span class='ocrx_word' id='word_1_162' title='bbox 1248 1720 1325 1786; x_wconf 86' lang='lat' dir='ltr'>Fur.</span> 
     </span>
     <span class='ocr_line' id='line_1_18' title="bbox 89 1803 1328 1888; baseline 0.002 -18"><span class='ocrx_word' id='word_1_163' title='bbox 89 1803 201 1871; x_wconf 84' lang='lat' dir='ltr'>Ganin.</span> <span class='ocrx_word' id='word_1_164' title='bbox 220 1805 356 1872; x_wconf 87' lang='lat' dir='ltr'>sublata.</span> <span class='ocrx_word' id='word_1_165' title='bbox 380 1805 510 1870; x_wconf 88' lang='lat' dir='ltr'>Sueton.</span> <span class='ocrx_word' id='word_1_166' title='bbox 534 1804 645 1870; x_wconf 89' lang='lat' dir='ltr'>Octav.</span> <span class='ocrx_word' id='word_1_167' title='bbox 659 1808 702 1870; x_wconf 86' lang='lat'>40</span> <span class='ocrx_word' id='word_1_168' title='bbox 723 1803 853 1885; x_wconf 87' lang='lat' dir='ltr'>Vopisc.</span> <span class='ocrx_word' id='word_1_169' title='bbox 876 1804 976 1870; x_wconf 88' lang='lat' dir='ltr'>Tacit.</span> <span class='ocrx_word' id='word_1_170' title='bbox 1002 1808 1051 1869; x_wconf 89' lang='lat'>10.</span> <span class='ocrx_word' id='word_1_171' title='bbox 1073 1804 1162 1870; x_wconf 89' lang='lat' dir='ltr'>Paul.</span> <span class='ocrx_word' id='word_1_172' title='bbox 1179 1805 1233 1872; x_wconf 87' lang='lat' dir='ltr'>lib.</span> <span class='ocrx_word' id='word_1_173' title='bbox 1246 1807 1328 1888; x_wconf 84' lang='lat' dir='ltr'>sing.</span> 
     </span>
     <span class='ocr_line' id='line_1_19' title="bbox 90 1888 1327 1973; baseline 0.001 -17"><span class='ocrx_word' id='word_1_174' title='bbox 90 1890 132 1956; x_wconf 82' lang='lat' dir='ltr'>ad</span> <span class='ocrx_word' id='word_1_175' title='bbox 154 1888 216 1973; x_wconf 87' lang='lat' dir='ltr'>leg.</span> <span class='ocrx_word' id='word_1_176' title='bbox 239 1889 315 1956; x_wconf 88' lang='lat' dir='ltr'>Fur.</span> <span class='ocrx_word' id='word_1_177' title='bbox 344 1889 453 1956; x_wconf 84' lang='lat' dir='ltr'>Canin.</span> <span class='ocrx_word' id='word_1_178' title='bbox 480 1890 519 1956; x_wconf 87' lang='lat' dir='ltr'>ir.</span> <span class='ocrx_word' id='word_1_179' title='bbox 543 1894 583 1955; x_wconf 89' lang='grc'>37</span> <span class='ocrx_word' id='word_1_180' title='bbox 611 1890 652 1958; x_wconf 87' lang='lat' dir='ltr'>de</span> <span class='ocrx_word' id='word_1_181' title='bbox 674 1889 789 1954; x_wconf 92' lang='lat' dir='ltr'>condit.</span> <span class='ocrx_word' id='word_1_182' title='bbox 820 1894 853 1954; x_wconf 87' lang='lat' dir='ltr'>et</span> <span class='ocrx_word' id='word_1_183' title='bbox 873 1890 1045 1955; x_wconf 88' lang='lat' dir='ltr'>demonstr.</span> <span class='ocrx_word' id='word_1_184' title='bbox 1074 1888 1113 1954; x_wconf 86' lang='lat' dir='ltr'>fr.</span> <span class='ocrx_word' id='word_1_185' title='bbox 1141 1893 1202 1955; x_wconf 84' lang='lat'>215</span> <span class='ocrx_word' id='word_1_186' title='bbox 1225 1891 1265 1958; x_wconf 88' lang='lat' dir='ltr'>dc</span> <span class='ocrx_word' id='word_1_187' title='bbox 1287 1891 1327 1957; x_wconf 93' lang='lat' dir='ltr'>V.</span> 
     </span>
     <span class='ocr_line' id='line_1_20' title="bbox 88 1973 1328 2057; baseline 0.001 -16"><span class='ocrx_word' id='word_1_188' title='bbox 88 1975 121 2041; x_wconf 85' lang='lat' dir='ltr'>S.</span> <span class='ocrx_word' id='word_1_189' title='bbox 144 1975 265 2042; x_wconf 88' lang='lat' dir='ltr'>Theod.</span> <span class='ocrx_word' id='word_1_190' title='bbox 287 1979 321 2042; x_wconf 90' lang='lat' dir='ltr'>ct</span> <span class='ocrx_word' id='word_1_191' title='bbox 342 1976 467 2042; x_wconf 87' lang='lat' dir='ltr'>Valent.</span> <span class='ocrx_word' id='word_1_192' title='bbox 490 1993 517 2041; x_wconf 91' lang='lat' dir='ltr'>c.</span> <span class='ocrx_word' id='word_1_193' title='bbox 541 1980 581 2040; x_wconf 85' lang='grc'>28</span> <span class='ocrx_word' id='word_1_194' title='bbox 603 1975 645 2041; x_wconf 88' lang='lat' dir='ltr'>de</span> <span class='ocrx_word' id='word_1_195' title='bbox 666 1974 795 2040; x_wconf 90' lang='lat' dir='ltr'>Iudaeis</span> <span class='ocrx_word' id='word_1_196' title='bbox 815 1975 926 2055; x_wconf 91' lang='lat' dir='ltr'>Papin.</span> <span class='ocrx_word' id='word_1_197' title='bbox 949 1973 987 2039; x_wconf 87' lang='lat' dir='ltr'>ir.</span> <span class='ocrx_word' id='word_1_198' title='bbox 1012 1979 1052 2039; x_wconf 91' lang='grc'>22</span> <span class='ocrx_word' id='word_1_199' title='bbox 1076 1974 1103 2057; x_wconf 63' lang='grc' dir='ltr'>ξ.</span> <span class='ocrx_word' id='word_1_200' title='bbox 1125 1980 1139 2039; x_wconf 95' lang='grc'>1</span> <span class='ocrx_word' id='word_1_201' title='bbox 1163 1976 1205 2042; x_wconf 85' lang='lat' dir='ltr'>da</span> <span class='ocrx_word' id='word_1_202' title='bbox 1225 1975 1328 2042; x_wconf 86' lang='lat' dir='ltr'>fideic.</span> 
     </span>
     <span class='ocr_line' id='line_1_21' title="bbox 88 2059 761 2127; baseline 0 -3"><span class='ocrx_word' id='word_1_203' title='bbox 88 2060 196 2126; x_wconf 83' lang='lat' dir='ltr'>libert.</span> <span class='ocrx_word' id='word_1_204' title='bbox 242 2060 313 2126; x_wconf 85' lang='lat' dir='ltr'>(lai.</span> <span class='ocrx_word' id='word_1_205' title='bbox 336 2059 374 2126; x_wconf 89' lang='lat' dir='ltr'>lr.</span> <span class='ocrx_word' id='word_1_206' title='bbox 399 2065 440 2127; x_wconf 89' lang='grc'>24</span> <span class='ocrx_word' id='word_1_207' title='bbox 463 2061 504 2127; x_wconf 89' lang='lat' dir='ltr'>de</span> <span class='ocrx_word' id='word_1_208' title='bbox 526 2079 663 2126; x_wconf 86' lang='lat' dir='ltr'>manum.</span> <span class='ocrx_word' id='word_1_209' title='bbox 686 2064 761 2125; x_wconf 84' lang='lat' dir='ltr'>test.</span> 
     </span>
    </p>
   </div>
   <div class='ocr_carea' id='block_1_3' title="bbox 151 2233 1277 2430">
    <p class='ocr_par' dir='ltr' id='par_1_3' title="bbox 151 2233 1277 2430">
     <span class='ocr_line' id='line_1_22' title="bbox 352 2233 1083 2346; baseline -0.001 -17"><span class='ocrx_word' id='word_1_210' title='bbox 352 2263 729 2345; x_wconf 67' lang='lat' dir='ltr'>LerPetronia112)</span> <span class='ocrx_word' id='word_1_211' title='bbox 753 2263 856 2346; x_wconf 83' lang='lat' dir='ltr'>(leges</span> <span class='ocrx_word' id='word_1_212' title='bbox 878 2233 1083 2345; x_wconf 78' lang='lat' dir='ltr'>Petroniacl)</span> 
     </span>
     <span class='ocr_line' id='line_1_23' title="bbox 151 2363 1277 2430; baseline -0.002 -14"><span class='ocrx_word' id='word_1_213' title='bbox 151 2368 191 2416; x_wconf 83' lang='lat'>61.</span> <span class='ocrx_word' id='word_1_214' title='bbox 210 2382 237 2430; x_wconf 88' lang='lat' dir='ltr'>p.</span> <span class='ocrx_word' id='word_1_215' title='bbox 257 2365 318 2416; x_wconf 85' lang='lat' dir='ltr'>Chr.</span> <span class='ocrx_word' id='word_1_216' title='bbox 338 2366 368 2419; x_wconf 83' lang='lat' dir='ltr'>O.</span> <span class='ocrx_word' id='word_1_217' title='bbox 387 2365 514 2416; x_wconf 84' lang='lat' dir='ltr'>Petronio</span> <span class='ocrx_word' id='word_1_218' title='bbox 533 2364 633 2417; x_wconf 88' lang='lat' dir='ltr'>Sabino</span> <span class='ocrx_word' id='word_1_219' title='bbox 651 2365 818 2428; x_wconf 87' lang='lat' dir='ltr'>Turpilliano</span> <span class='ocrx_word' id='word_1_220' title='bbox 837 2375 863 2415; x_wconf 81' lang='lat' dir='ltr'>et</span> <span class='ocrx_word' id='word_1_221' title='bbox 880 2363 912 2415; x_wconf 83' lang='grc' dir='ltr'>Ο.</span> <span class='ocrx_word' id='word_1_222' title='bbox 931 2363 1063 2414; x_wconf 84' lang='lat' dir='ltr'>Caesonio</span> <span class='ocrx_word' id='word_1_223' title='bbox 1081 2364 1165 2415; x_wconf 81' lang='lat' dir='ltr'>Paeto</span> <span class='ocrx_word' id='word_1_224' title='bbox 1184 2365 1277 2416; x_wconf 79' lang='lat' dir='ltr'>Cosa?</span> 
     </span>
    </p>
   </div>
   <div class='ocr_carea' id='block_1_4' title="bbox 96 2492 1333 2925">
    <p class='ocr_par' dir='ltr' id='par_1_4' title="bbox 96 2492 1333 2925">
     <span class='ocr_line' id='line_1_24' title="bbox 96 2492 1331 2585; baseline 0.001 -19"><span class='ocrx_word' id='word_1_225' title='bbox 96 2502 129 2583; x_wconf 93' lang='grc'>1)</span> <span class='ocrx_word' id='word_1_226' title='bbox 160 2501 239 2567; x_wconf 90' lang='lat' dir='ltr'>Post</span> <span class='ocrx_word' id='word_1_227' title='bbox 265 2502 369 2585; x_wconf 83' lang='lat' dir='ltr'>legem</span> <span class='ocrx_word' id='word_1_228' title='bbox 396 2502 580 2568; x_wconf 87' lang='lat' dir='ltr'>Petroniam</span> <span class='ocrx_word' id='word_1_229' title='bbox 608 2507 642 2565; x_wconf 90' lang='lat' dir='ltr'>et</span> <span class='ocrx_word' id='word_1_230' title='bbox 670 2492 953 2566; x_wconf 81' lang='lat' dir='ltr'>Senatusconsulta</span> <span class='ocrx_word' id='word_1_231' title='bbox 980 2496 1114 2567; x_wconf 78' lang='lat' dir='ltr'>adeam</span> <span class='ocrx_word' id='word_1_232' title='bbox 1134 2501 1239 2585; x_wconf 85' lang='lat' dir='ltr'>legem</span> <span class='ocrx_word' id='word_1_233' title='bbox 1259 2520 1331 2584; x_wconf 88' lang='lat' dir='ltr'>per-</span> 
     </span>
     <span class='ocr_line' id='line_1_25' title="bbox 161 2585 1330 2669; baseline 0 -17"><span class='ocrx_word' id='word_1_234' title='bbox 161 2588 298 2653; x_wconf 86' lang='lat' dir='ltr'>tinentia</span> <span class='ocrx_word' id='word_1_235' title='bbox 325 2587 459 2652; x_wconf 90' lang='lat' dir='ltr'>dominis</span> <span class='ocrx_word' id='word_1_236' title='bbox 487 2589 633 2668; x_wconf 87' lang='lat' dir='ltr'>potestas</span> <span class='ocrx_word' id='word_1_237' title='bbox 661 2585 769 2650; x_wconf 88' lang='lat' dir='ltr'>ablata</span> <span class='ocrx_word' id='word_1_238' title='bbox 795 2589 858 2665; x_wconf 91' lang='lat' dir='ltr'>est,</span> <span class='ocrx_word' id='word_1_239' title='bbox 888 2585 929 2649; x_wconf 90' lang='lat' dir='ltr'>ad</span> <span class='ocrx_word' id='word_1_240' title='bbox 955 2586 1074 2651; x_wconf 87' lang='lat' dir='ltr'>bestias</span> <span class='ocrx_word' id='word_1_241' title='bbox 1101 2587 1330 2669; x_wconf 84' lang='lat' dir='ltr'>depugnandas</span> 
     </span>
     <span class='ocr_line' id='line_1_26' title="bbox 161 2670 1333 2753; baseline 0.002 -18"><span class='ocrx_word' id='word_1_242' title='bbox 161 2674 230 2739; x_wconf 89' lang='lat' dir='ltr'>sine</span> <span class='ocrx_word' id='word_1_243' title='bbox 253 2672 386 2737; x_wconf 90' lang='lat' dir='ltr'>arbitrio</span> <span class='ocrx_word' id='word_1_244' title='bbox 410 2690 520 2738; x_wconf 82' lang='lat' dir='ltr'>servos</span> <span class='ocrx_word' id='word_1_245' title='bbox 542 2671 686 2749; x_wconf 80' lang='lat' dir='ltr'>tradere3</span> <span class='ocrx_word' id='word_1_246' title='bbox 709 2670 816 2735; x_wconf 89' lang='lat' dir='ltr'>oblato</span> <span class='ocrx_word' id='word_1_247' title='bbox 834 2674 941 2735; x_wconf 88' lang='lat' dir='ltr'>tamen</span> <span class='ocrx_word' id='word_1_248' title='bbox 963 2671 1059 2736; x_wconf 93' lang='lat' dir='ltr'>iudici</span> <span class='ocrx_word' id='word_1_249' title='bbox 1073 2688 1176 2753; x_wconf 85' lang='lat' dir='ltr'>servo,</span> <span class='ocrx_word' id='word_1_250' title='bbox 1199 2673 1226 2736; x_wconf 92' lang='lat' dir='ltr'>si</span> <span class='ocrx_word' id='word_1_251' title='bbox 1248 2674 1333 2737; x_wconf 85' lang='lat' dir='ltr'>iusta</span> 
     </span>
     <span class='ocr_line' id='line_1_27' title="bbox 162 2756 1333 2839; baseline -0.001 -18"><span class='ocrx_word' id='word_1_252' title='bbox 162 2758 206 2821; x_wconf 91' lang='lat' dir='ltr'>sit</span> <span class='ocrx_word' id='word_1_253' title='bbox 228 2758 347 2823; x_wconf 92' lang='lat' dir='ltr'>domini</span> <span class='ocrx_word' id='word_1_254' title='bbox 368 2757 508 2838; x_wconf 88' lang='lat' dir='ltr'>querela,</span> <span class='ocrx_word' id='word_1_255' title='bbox 530 2758 575 2821; x_wconf 90' lang='lat' dir='ltr'>sic</span> <span class='ocrx_word' id='word_1_256' title='bbox 596 2774 719 2839; x_wconf 88' lang='lat' dir='ltr'>poenae</span> <span class='ocrx_word' id='word_1_257' title='bbox 743 2756 899 2821; x_wconf 87' lang='lat' dir='ltr'>tradetur.</span> <span class='ocrx_word' id='word_1_258' title='bbox 943 2756 1113 2822; x_wconf 81' lang='lat' dir='ltr'>Modestin.</span> <span class='ocrx_word' id='word_1_259' title='bbox 1136 2757 1176 2822; x_wconf 85' lang='lat' dir='ltr'>fr.</span> <span class='ocrx_word' id='word_1_260' title='bbox 1201 2763 1237 2821; x_wconf 89' lang='lat'>11</span> <span class='ocrx_word' id='word_1_261' title='bbox 1262 2758 1289 2839; x_wconf 64' lang='grc' dir='ltr'>ξ.</span> <span class='ocrx_word' id='word_1_262' title='bbox 1313 2761 1333 2820; x_wconf 90' lang='grc'>2</span> 
     </span>
     <span class='ocr_line' id='line_1_28' title="bbox 170 2841 1078 2925; baseline -0.004 -17"><span class='ocrx_word' id='word_1_263' title='bbox 170 2842 211 2908; x_wconf 89' lang='lat' dir='ltr'>ad</span> <span class='ocrx_word' id='word_1_264' title='bbox 232 2842 295 2925; x_wconf 81' lang='lat' dir='ltr'>leg.</span> <span class='ocrx_word' id='word_1_265' title='bbox 319 2841 444 2909; x_wconf 84' lang='lat' dir='ltr'>Cornel.</span> <span class='ocrx_word' id='word_1_266' title='bbox 466 2842 506 2908; x_wconf 90' lang='lat' dir='ltr'>de</span> <span class='ocrx_word' id='word_1_267' title='bbox 529 2843 583 2907; x_wconf 89' lang='lat' dir='ltr'>sic.</span> <span class='ocrx_word' id='word_1_268' title='bbox 608 2841 709 2907; x_wconf 90' lang='lat' dir='ltr'>Orelli</span> <span class='ocrx_word' id='word_1_269' title='bbox 731 2841 875 2921; x_wconf 85' lang='lat' dir='ltr'>inscript.</span> <span class='ocrx_word' id='word_1_270' title='bbox 900 2842 1078 2923; x_wconf 79' lang='lat'>3679.¹¹⁴)</span> 
     </span>
    </p>
   </div>
   <div class='ocr_carea' id='block_1_5' title="bbox 51 2959 1334 3213">
    <p class='ocr_par' dir='ltr' id='par_1_5' title="bbox 51 2959 1334 3213">
     <span class='ocr_line' id='line_1_29' title="bbox 51 2959 1334 3044; baseline -0.002 -19"><span class='ocrx_word' id='word_1_271' title='bbox 51 2962 55 2971; x_wconf 91' lang='lat'>&#39;</span> <span class='ocrx_word' id='word_1_272' title='bbox 101 2960 135 3043; x_wconf 91' lang='grc'>2)</span> <span class='ocrx_word' id='word_1_273' title='bbox 168 2960 258 3044; x_wconf 84' lang='lat' dir='ltr'>Lege</span> <span class='ocrx_word' id='word_1_274' title='bbox 286 2962 379 3027; x_wconf 89' lang='lat' dir='ltr'>Iunia</span> <span class='ocrx_word' id='word_1_275' title='bbox 410 2961 574 3043; x_wconf 88' lang='lat' dir='ltr'>Petronia,</span> <span class='ocrx_word' id='word_1_276' title='bbox 605 2960 632 3026; x_wconf 92' lang='lat' dir='ltr'>si</span> <span class='ocrx_word' id='word_1_277' title='bbox 662 2959 864 3025; x_wconf 87' lang='lat' dir='ltr'>dissonantes</span> <span class='ocrx_word' id='word_1_278' title='bbox 897 2978 993 3041; x_wconf 90' lang='lat' dir='ltr'>pares</span> <span class='ocrx_word' id='word_1_279' title='bbox 1024 2960 1163 3025; x_wconf 86' lang='lat' dir='ltr'>iudicum</span> <span class='ocrx_word' id='word_1_280' title='bbox 1197 2962 1334 3028; x_wconf 83' lang='lat' dir='ltr'>existant</span> 
     </span>
     <span class='ocr_line' id='line_1_30' title="bbox 163 3044 1333 3128; baseline 0.001 -17"><span class='ocrx_word' id='word_1_281' title='bbox 163 3048 355 3127; x_wconf 88' lang='lat' dir='ltr'>sententiae,</span> <span class='ocrx_word' id='word_1_282' title='bbox 377 3065 437 3128; x_wconf 87' lang='lat' dir='ltr'>pro</span> <span class='ocrx_word' id='word_1_283' title='bbox 458 3046 608 3113; x_wconf 87' lang='lat' dir='ltr'>libertate</span> <span class='ocrx_word' id='word_1_284' title='bbox 630 3045 831 3127; x_wconf 87' lang='lat' dir='ltr'>pronuntiari</span> <span class='ocrx_word' id='word_1_285' title='bbox 854 3044 985 3110; x_wconf 89' lang='lat' dir='ltr'>iussum.</span> <span class='ocrx_word' id='word_1_286' title='bbox 1018 3044 1211 3128; x_wconf 84' lang='lat' dir='ltr'>Hermogen.</span> <span class='ocrx_word' id='word_1_287' title='bbox 1233 3046 1272 3112; x_wconf 92' lang='lat' dir='ltr'>lr.</span> <span class='ocrx_word' id='word_1_288' title='bbox 1291 3051 1333 3113; x_wconf 89' lang='grc'>24</span> 
     </span>
     <span class='ocr_line' id='line_1_31' title="bbox 96 3131 533 3213; baseline -0.011 -11"><span class='ocrx_word' id='word_1_289' title='bbox 96 3196 99 3202; x_wconf 93' lang='grc'><strong>,</strong></span> <span class='ocrx_word' id='word_1_290' title='bbox 163 3150 213 3213; x_wconf 89' lang='lat' dir='ltr'>pr.</span> <span class='ocrx_word' id='word_1_291' title='bbox 236 3131 533 3213; x_wconf 79' lang='lat' dir='ltr'>demanum.¹¹⁵).</span> 
     </span>
    </p>
   </div>
   <div class='ocr_carea' id='block_1_6' title="bbox 24 3382 1336 3790">
    <p class='ocr_par' dir='ltr' id='par_1_6' title="bbox 100 3382 1334 3586">
     <span class='ocr_line' id='line_1_32' title="bbox 102 3382 1334 3449; baseline -0.001 -15"><span class='ocrx_word' id='word_1_292' title='bbox 102 3385 189 3434; x_wconf 85' lang='lat' dir='ltr'>hard</span> <span class='ocrx_word' id='word_1_293' title='bbox 209 3385 273 3435; x_wconf 85' lang='lat' dir='ltr'>diss.</span> <span class='ocrx_word' id='word_1_294' title='bbox 298 3385 398 3448; x_wconf 83' lang='lat' dir='ltr'>deleg.</span> <span class='ocrx_word' id='word_1_295' title='bbox 423 3386 485 3435; x_wconf 83' lang='lat' dir='ltr'>Fur.</span> <span class='ocrx_word' id='word_1_296' title='bbox 509 3382 604 3437; x_wconf 79' lang='lat' dir='ltr'>Oanin.</span> <span class='ocrx_word' id='word_1_297' title='bbox 641 3386 840 3436; x_wconf 85' lang='lat' dir='ltr'>Heinecciua</span> <span class='ocrx_word' id='word_1_298' title='bbox 866 3389 893 3449; x_wconf 91' lang='lat'>1,</span> <span class='ocrx_word' id='word_1_299' title='bbox 913 3388 941 3448; x_wconf 91' lang='grc'>7,</span> <span class='ocrx_word' id='word_1_300' title='bbox 962 3387 975 3433; x_wconf 94' lang='grc'>1</span> <span class='ocrx_word' id='word_1_301' title='bbox 995 3401 1053 3449; x_wconf 83' lang='lat' dir='ltr'>sqq.</span> <span class='ocrx_word' id='word_1_302' title='bbox 1093 3382 1230 3445; x_wconf 85' lang='lat' dir='ltr'>Pnelrta,</span> <span class='ocrx_word' id='word_1_303' title='bbox 1257 3382 1334 3433; x_wconf 84' lang='lat' dir='ltr'>Cura.</span> 
     </span>
     <span class='ocr_line' id='line_1_33' title="bbox 100 3453 1334 3518; baseline -0.002 -17"><span class='ocrx_word' id='word_1_304' title='bbox 100 3453 170 3517; x_wconf 64' lang='lat'>115.</span> <span class='ocrx_word' id='word_1_305' title='bbox 190 3453 239 3501; x_wconf 91' lang='grc'>213</span> <span class='ocrx_word' id='word_1_306' title='bbox 258 3453 294 3512; x_wconf 83' lang='lat'>4.)</span> <span class='ocrx_word' id='word_1_307' title='bbox 348 3455 409 3514; x_wconf 90' lang='grc'><strong>113)</strong></span> <span class='ocrx_word' id='word_1_308' title='bbox 426 3455 629 3504; x_wconf 85' lang='grc' dir='ltr'><strong>Η616666166</strong></span> <span class='ocrx_word' id='word_1_309' title='bbox 652 3458 674 3516; x_wconf 90' lang='grc'>1,</span> <span class='ocrx_word' id='word_1_310' title='bbox 693 3457 716 3515; x_wconf 88' lang='grc'>8,</span> <span class='ocrx_word' id='word_1_311' title='bbox 735 3456 758 3505; x_wconf 88' lang='grc'>5.</span> <span class='ocrx_word' id='word_1_312' title='bbox 783 3454 923 3518; x_wconf 88' lang='lat' dir='ltr'>Puchta,</span> <span class='ocrx_word' id='word_1_313' title='bbox 942 3453 1020 3505; x_wconf 83' lang='lat' dir='ltr'>Oura.</span> <span class='ocrx_word' id='word_1_314' title='bbox 1039 3454 1062 3518; x_wconf 70' lang='grc' dir='ltr'>ξ.</span> <span class='ocrx_word' id='word_1_315' title='bbox 1082 3454 1216 3502; x_wconf 78' lang='grc'><strong>212107.</strong></span> <span class='ocrx_word' id='word_1_316' title='bbox 1235 3460 1290 3500; x_wconf 83' lang='grc'><strong>661.</strong></span> <span class='ocrx_word' id='word_1_317' title='bbox 1309 3466 1334 3500; x_wconf 90' lang='lat' dir='ltr'>o.</span> 
     </span>
     <span class='ocr_line' id='line_1_34' title="bbox 102 3520 1283 3586; baseline 0.001 -19"><span class='ocrx_word' id='word_1_318' title='bbox 102 3538 127 3569; x_wconf 86' lang='lat' dir='ltr'>v.</span> <span class='ocrx_word' id='word_1_319' title='bbox 147 3520 306 3585; x_wconf 76' lang='lat' dir='ltr'>savigny,</span> <span class='ocrx_word' id='word_1_320' title='bbox 326 3522 476 3571; x_wconf 78' lang='lat' dir='ltr'>zeitschrift</span> <span class='ocrx_word' id='word_1_321' title='bbox 493 3522 535 3573; x_wconf 79' lang='lat' dir='ltr'>liar</span> <span class='ocrx_word' id='word_1_322' title='bbox 553 3523 757 3586; x_wconf 78' lang='lat' dir='ltr'>geschichtlicha</span> <span class='ocrx_word' id='word_1_323' title='bbox 775 3522 1059 3572; x_wconf 84' lang='lat' dir='ltr'>Rechtswiascnschalt</span> <span class='ocrx_word' id='word_1_324' title='bbox 1076 3521 1126 3581; x_wconf 86' lang='lat' dir='ltr'>IX,</span> <span class='ocrx_word' id='word_1_325' title='bbox 1145 3537 1170 3584; x_wconf 86' lang='lat' dir='ltr'>p.</span> <span class='ocrx_word' id='word_1_326' title='bbox 1190 3522 1240 3571; x_wconf 84' lang='grc'>374</span> <span class='ocrx_word' id='word_1_327' title='bbox 1259 3523 1283 3571; x_wconf 86' lang='grc'>5.</span> 
     </span>
    </p>

    <p class='ocr_par' dir='ltr' id='par_1_7' title="bbox 24 3590 1336 3790">
     <span class='ocr_line' id='line_1_35' title="bbox 105 3590 1335 3653; baseline -0.002 -16"><span class='ocrx_word' id='word_1_328' title='bbox 105 3590 165 3653; x_wconf 89' lang='grc'><strong>114)</strong></span> <span class='ocrx_word' id='word_1_329' title='bbox 190 3590 221 3638; x_wconf 91' lang='grc'>61.</span> <span class='ocrx_word' id='word_1_330' title='bbox 246 3590 374 3641; x_wconf 81' lang='lat' dir='ltr'>Marcian.</span> <span class='ocrx_word' id='word_1_331' title='bbox 401 3592 432 3639; x_wconf 84' lang='lat' dir='ltr'>fr.</span> <span class='ocrx_word' id='word_1_332' title='bbox 453 3592 486 3640; x_wconf 87' lang='grc'>42</span> <span class='ocrx_word' id='word_1_333' title='bbox 514 3592 545 3640; x_wconf 87' lang='lat' dir='ltr'>de</span> <span class='ocrx_word' id='word_1_334' title='bbox 569 3598 652 3640; x_wconf 91' lang='lat' dir='ltr'>contr.</span> <span class='ocrx_word' id='word_1_335' title='bbox 677 3599 737 3639; x_wconf 85' lang='lat' dir='ltr'>emt.</span> <span class='ocrx_word' id='word_1_336' title='bbox 765 3590 834 3640; x_wconf 81' lang='lat' dir='ltr'>Geli.</span> <span class='ocrx_word' id='word_1_337' title='bbox 859 3592 948 3653; x_wconf 86' lang='grc'><strong>5,14.</strong></span> <span class='ocrx_word' id='word_1_338' title='bbox 984 3591 1026 3639; x_wconf 86' lang='lat' dir='ltr'>De</span> <span class='ocrx_word' id='word_1_339' title='bbox 1050 3590 1181 3638; x_wconf 82' lang='lat' dir='ltr'>dominica</span> <span class='ocrx_word' id='word_1_340' title='bbox 1205 3594 1335 3651; x_wconf 85' lang='lat' dir='ltr'>potestate</span> 
     </span>
     <span class='ocr_line' id='line_1_36' title="bbox 24 3656 1334 3725; baseline -0.001 -21"><span class='ocrx_word' id='word_1_341' title='bbox 24 3718 25 3725; x_wconf 10' lang='grc' dir='ltr'>ἵ</span> <span class='ocrx_word' id='word_1_342' title='bbox 103 3658 254 3706; x_wconf 75' lang='lat' dir='ltr'>coercenda</span> <span class='ocrx_word' id='word_1_343' title='bbox 272 3656 381 3709; x_wconf 86' lang='lat' dir='ltr'>Sueton.</span> <span class='ocrx_word' id='word_1_344' title='bbox 400 3658 493 3710; x_wconf 82' lang='lat' dir='ltr'>Claud.</span> <span class='ocrx_word' id='word_1_345' title='bbox 512 3660 553 3709; x_wconf 87' lang='grc'>25.</span> <span class='ocrx_word' id='word_1_346' title='bbox 581 3658 713 3723; x_wconf 87' lang='lat' dir='ltr'>Spartian.</span> <span class='ocrx_word' id='word_1_347' title='bbox 735 3660 865 3710; x_wconf 88' lang='lat' dir='ltr'>Hadrian.</span> <span class='ocrx_word' id='word_1_348' title='bbox 886 3661 926 3712; x_wconf 83' lang='lat' dir='ltr'>l&#39;l.</span> <span class='ocrx_word' id='word_1_349' title='bbox 951 3658 1010 3724; x_wconf 89' lang='lat' dir='ltr'>Ulp.</span> <span class='ocrx_word' id='word_1_350' title='bbox 1029 3660 1061 3708; x_wconf 85' lang='lat' dir='ltr'>fr.</span> <span class='ocrx_word' id='word_1_351' title='bbox 1081 3659 1096 3705; x_wconf 88' lang='grc'>2</span> <span class='ocrx_word' id='word_1_352' title='bbox 1116 3658 1147 3705; x_wconf 86' lang='lat' dir='ltr'>da</span> <span class='ocrx_word' id='word_1_353' title='bbox 1166 3657 1206 3706; x_wconf 87' lang='lat' dir='ltr'>his</span> <span class='ocrx_word' id='word_1_354' title='bbox 1225 3658 1269 3718; x_wconf 91' lang='lat' dir='ltr'>qui</span> <span class='ocrx_word' id='word_1_355' title='bbox 1286 3657 1334 3703; x_wconf 85' lang='lat' dir='ltr'>sui.</span> 
     </span>
     <span class='ocr_line' id='line_1_37' title="bbox 25 3722 1336 3790; baseline -0.002 -17"><span class='ocrx_word' id='word_1_356' title='bbox 25 3770 26 3785; x_wconf 75' lang='lat'>,</span> <span class='ocrx_word' id='word_1_357' title='bbox 105 3724 205 3777; x_wconf 87' lang='lat' dir='ltr'>Collat.</span> <span class='ocrx_word' id='word_1_358' title='bbox 233 3727 282 3787; x_wconf 79' lang='lat' dir='ltr'>leg.</span> <span class='ocrx_word' id='word_1_359' title='bbox 301 3741 365 3776; x_wconf 87' lang='lat' dir='ltr'>mos.</span> <span class='ocrx_word' id='word_1_360' title='bbox 390 3736 415 3775; x_wconf 87' lang='lat' dir='ltr'>et</span> <span class='ocrx_word' id='word_1_361' title='bbox 433 3742 499 3779; x_wconf 86' lang='lat' dir='ltr'>rom.</span> <span class='ocrx_word' id='word_1_362' title='bbox 518 3728 542 3789; x_wconf 84' lang='lat'>3,</span> <span class='ocrx_word' id='word_1_363' title='bbox 562 3729 586 3777; x_wconf 85' lang='grc'>2.</span> <span class='ocrx_word' id='word_1_364' title='bbox 622 3727 680 3779; x_wconf 81' lang='lat' dir='ltr'>Gai.</span> <span class='ocrx_word' id='word_1_365' title='bbox 702 3730 728 3788; x_wconf 87' lang='lat' dir='ltr'>l,</span> <span class='ocrx_word' id='word_1_366' title='bbox 751 3729 784 3777; x_wconf 89' lang='grc'>53</span> <span class='ocrx_word' id='word_1_367' title='bbox 809 3728 895 3790; x_wconf 86' lang='lat' dir='ltr'>ibique</span> <span class='ocrx_word' id='word_1_368' title='bbox 914 3725 1043 3790; x_wconf 79' lang='lat' dir='ltr'>Bdcking.</span> <span class='ocrx_word' id='word_1_369' title='bbox 1070 3727 1161 3776; x_wconf 87' lang='lat' dir='ltr'>adnot.</span> <span class='ocrx_word' id='word_1_370' title='bbox 1217 3727 1277 3785; x_wconf 86' lang='grc'><strong>115)</strong></span> <span class='ocrx_word' id='word_1_371' title='bbox 1295 3722 1336 3771; x_wconf 81' lang='lat' dir='ltr'>Cf.</span> 
     </span>
    </p>
   </div>
   <div class='ocr_carea' id='block_1_7' title="bbox 0 0 1524 4400">
    <p class='ocr_par' dir='ltr' id='par_1_8' title="bbox 0 0 1524 4400">
     <span class='ocr_line' id='line_1_38' title="bbox 0 0 1524 4400; baseline 0 0"><span class='ocrx_word' id='word_1_372' title='bbox 0 0 1524 4400; x_wconf 95' lang='lat' dir='ltr'> </span> 
     </span>
    </p>
   </div>
  </div>
 </body>
</html>
