3009 4400
1273 287 1314 347 53

127 451 343 532 16,1³³).-
370 453 397 514 ll
421 453 610 532 quibusdam
632 453 779 532 personis
802 452 944 531 exceptis
966 450 1036 515 orbi
1059 470 1098 515 ex
1120 457 1314 516 testamento

123 538 260 602 solidum
282 555 398 618 capere
421 543 580 619 poterant.
625 537 697 602 Vid.
720 535 832 618 fragm.
856 537 927 600 Vat
950 536 1004 599 cit.

548 708 598 772 De
620 705 847 771 vacationibus.

77 841 220 906 Feminis
242 839 295 904 lex
317 840 399 904 Iulia
419 861 438 905 a
458 847 562 906 morte
584 839 645 904 viri
667 840 739 903 anni
762 839 876 904 tribuit
898 839 1112 919 vacationem,
1135 859 1155 904 a
1176 840 1314 904 divortio

121 945 179 990 sex
200 943 360 1005 mensum;
389 926 440 990 lex
463 933 571 991 autem
592 925 693 1004 PapIa
720 943 739 987 a
767 929 869 989 morte
891 924 951 987 viri
972 923 1104 1003 biennii,
1134 944 1154 989 a
1179 925 1314 1005 repudio

122 1011 199 1075 anni
222 1019 255 1075 et
278 1027 334 1074 sex
356 1028 509 1076 mensum.
555 1009 629 1091 Ulp.
657 1015 704 1073 14.

79 1096 144 1171 Qui
165 1094 362 1175 reipublicae
385 1113 482 1161 causa
504 1095 627 1175 absunt,
651 1095 750 1159 donec
772 1094 889 1158 absunt
912 1098 946 1157 et
968 1094 1054 1158 intra
1075 1112 1206 1175 annum,
1227 1099 1314 1174 post-

122 1199 218 1262 quam
239 1179 352 1245 abesse
376 1180 555 1261 desierunt,
577 1181 775 1244 vacationem
797 1179 878 1260 legis
900 1177 1091 1260 habent.⁸⁴)

510 1349 559 1413 De
582 1349 652 1413 iure
674 1351 876 1428 patronatus.

77 1483 246 1563 libertae,
276 1503 360 1564 quae
381 1483 547 1548 voluntate
569 1482 697 1561 patroni
718 1482 790 1546 iure
811 1487 933 1562 nuptae
955 1485 1044 1562 sunt,
1069 1501 1133 1548 non
1155 1487 1315 1564 coguntur

122 1567 260 1634 officium
288 1570 431 1649 patmms
462 1569 528 1632 suis
555 1573 733 1647 praestare.
778 1567 870 1631 Alex.
900 1586 927 1631 c.
951 1573 969 1631 2
1000 1567 1040 1632 de
1070 1568 1159 1647 obsq.
1187 1571 1313 1648 patron.

121 1660 244 1733 praest.
267 1655 461 1736 Hermogen.
484 1653 523 1717 fr.
547 1657 588 1716 48
612 1652 652 1716 de
675 1670 726 1731 op.
751 1651 857 1716 libert.
888 1652 1015 1718 Terent.
1039 1652 1137 1718 Clem.
1159 1652 1213 1718 lib.
1235 1652 1315 1716 VIII

123 1738 165 1802 ad
186 1740 248 1821 leg.
272 1740 331 1804 Iul.
356 1745 389 1803 et
411 1739 489 1819 Pap.
512 1736 551 1802 ir.
577 1742 615 1800 14
640 1738 710 1802 eod.

17 1891 25 1910 Ι
78 1823 168 1904 Lege
197 1825 298 1903 Papia
327 1828 422 1888 aucta
452 1828 528 1887 sunt
557 1823 629 1886 iura
662 1828 871 1902 patronorum
900 1823 986 1901 quod
1019 1822 1060 1886 ad
1087 1821 1314 1903 locupletiores

9 1941 10 1946 .
123 1909 256 1975 libertos
278 1911 427 1990 pertinet.
472 1907 609 1972 (lautum
633 1908 716 1971 enlm
739 1912 788 1972 est
811 1927 850 1971 ea
871 1907 956 1988 lege,
986 1912 1023 1971 ut
1053 1926 1092 1972 ex
1119 1909 1212 1974 bonis
1235 1907 1313 1986 elue,

123 1995 178 2075 qui
207 1995 432 2060 sestertiorum
458 2011 656 2057 nummorum
686 1999 814 2057 centum
845 1992 966 2056 milium
992 1992 1134 2072 plurisve
1162 1992 1314 2073 patrimo·

122 2080 210 2142 nium
239 2080 421 2160 reliquerit,
451 2085 484 2144 et
505 2078 686 2158 pauciores
715 2096 810 2159 quarn
840 2082 908 2142 tres
930 2077 1048 2143 liberos
1072 2078 1214 2156 habebit,
1246 2077 1313 2141 sive

124 2164 152 2229 is
176 2168 371 2231 testamento
394 2163 478 2231 facto
504 2165 570 2229 sive
593 2164 746 2229 intestato
777 2169 923 2228 mortuus
947 2164 1023 2244 erit,
1051 2163 1215 2245 virilis⁸⁶)
1238 2179 1314 2243 pars

122 2251 326 2330 patrono³⁶l
355 2251 521 2316 debeatur.
568 2250 638 2314 Gai.
669 2254 703 2329 3,
733 2250 884 2331 4112
913 2250 992 2314 Inst.
1023 2248 1063 2313 de
1093 2268 1176 2314 succ.
1206 2250 1313 2313 libert.

122 2335 197 2416 Ulp.
220 2336 274 2401 lib.
297 2337 326 2399 X
349 2337 390 2399 ad
412 2336 473 2417 leg.
498 2334 556 2399 lul.
581 2338 614 2399 et
634 2334 711 2413 Pap.
735 2333 774 2398 fr.
800 2339 838 2397 16
868 2334 908 2398 de
939 2335 1009 2399 iure
1037 2339 1200 2414 patronat.
1230 2333 1269 2398 fr.
1296 2337 1310 2395 l

8 2476 9 2507 ,
121 2420 149 2502 ξ.
176 2426 215 2485 14
238 2422 265 2484 si
288 2420 338 2484 cui
360 2420 432 2500 plus
456 2438 550 2501 quam
571 2438 631 2498 per
653 2419 715 2499 leg.
738 2419 857 2483 Falcid.

8 2540 9 2549 .
80 2506 146 2571 Lex
174 2506 275 2586 Papia
303 2508 455 2586 Poppaea
482 2523 577 2586 quum
610 2504 767 2585 intrderit,
798 2505 861 2567 iarn
890 2522 985 2582 posse
1005 2505 1146 2587 libertas
1175 2508 1314 2583 quatuor

122 2590 297 2655 liberorum
334 2592 405 2655 iure
436 2590 609 2655 honoratas
638 2589 706 2653 sine
734 2590 926 2653 auctoritate
956 2595 1164 2669 patronorum
1191 2588 1313 2666 testari,

120 2677 301 2756 prospexit,
325 2682 362 2741 ut
383 2694 442 2756 pro
464 2694 596 2739 numero
620 2673 794 2739 liberorum
815 2674 950 2738 libertae
977 2673 1246 2755 superstitum³¹)
1270 2674 1314 2735 vi-

120 2760 188 2823 rilis
209 2779 286 2839 pars
308 2769 444 2839 patrono
467 2759 635 2839 patronive
657 2758 767 2823 liberis
789 2759 940 2823 masculis
964 2760 1130 2826 debeatur.
1162 2757 1236 2837 Ulp.
1260 2762 1312 2837 29,

8 2920 9 2931 ¹
121 2850 152 2907 3.
176 2850 206 2908 4.
253 2846 323 2909 Gai.
348 2851 376 2925 3,
400 2850 451 2908 44.
475 2843 591 2924 4118)
636 2844 707 2907 Vid.
731 2863 802 2923 sup.
825 2863 856 2923 p.
881 2849 931 2909 50.

79 2929 145 2993 Lex
169 2930 269 3009 Papia
289 2930 414 2995 duobus
436 2929 545 2994 liberis
574 2929 750 2995 honoratae
772 2930 929 3011 ingenuae
951 2933 1122 3010 patronae,
1144 2926 1312 2992 libertinae

78 3112 121 3173 33)
141 3110 284 3161 Sozomen.
305 3116 327 3173 1,
344 3114 359 3163 5
379 3127 507 3160 annorum
525 3113 606 3160 XXV
624 3120 737 3161 aetatem
755 3114 821 3161 false
840 3114 874 3162 ad
889 3114 1002 3163 caelibes
1022 3115 1111 3162 refert.
1166 3113 1211 3172 34)
1230 3112 1311 3160 Eius-

77 3181 149 3229 modi
168 3183 333 3229 vaeationem
351 3182 408 3242 lege
428 3182 515 3229 datam
533 3196 603 3242 esse,
631 3181 788 3229 Heineocius
813 3190 867 3229 tum
885 3197 918 3230 ex
937 3196 981 3244 eo,
1006 3183 1078 3245 quod
1105 3181 1180 3229 Paul.
1204 3189 1231 3229 et
1248 3180 1311 3244 Ulp.

77 3250 107 3296 lr.
127 3248 241 3299 35-38
260 3264 293 3297 ex
312 3248 383 3311 quib.
407 3262 479 3297 caus.
498 3250 589 3297 maior.
617 3250 650 3297 de
675 3251 795 3299 absentia
819 3257 872 3299 tam
897 3257 1018 3299 accurate
1044 3259 1071 3298 et
1094 3252 1202 3313 copiose
1221 3255 1312 3311 agunt,

77 3332 155 3379 quum
182 3332 216 3365 ex
238 3319 318 3367 simili
344 3318 409 3381 legis
433 3316 518 3366 Iuliae
549 3318 581 3365 de
605 3317 742 3368 adulteriis
779 3320 916 3367 sanctione
954 3318 995 3383 (11.
1019 3321 1049 3369 15
1075 3320 1098 3379 ξ.
1128 3321 1140 3366 1
1167 3318 1201 3366 ad
1226 3319 1311 3379 legem

76 3386 160 3434 Iuliae
194 3386 225 3433 de
260 3385 353 3448 adult.)
379 3386 500 3434 coniecit.
543 3384 644 3434 Oomm.
672 3387 718 3434 lib.
744 3387 780 3447 II,
804 3402 827 3435 c.
860 3388 903 3448 18,
934 3390 957 3435 1.
986 3390 1011 3436 2.
1053 3387 1104 3435 Illa
1137 3401 1201 3434 vero
1239 3387 1311 3447 frag·

76 3461 165 3501 menta
200 3454 292 3502 referri
320 3461 433 3517 possunt
465 3454 498 3501 ad
525 3455 604 3502 solidi
633 3457 806 3516 capacitatem
831 3456 901 3503 inter
928 3456 1012 3505 virum
1048 3464 1075 3503 et
1105 3469 1214 3503 uxorem
1248 3453 1311 3516 Ulp.

77 3522 120 3582 16,
151 3524 164 3569 l
187 3549 220 3557 —
236 3524 286 3582 ita,
315 3529 345 3569 ut
366 3536 399 3570 ex
415 3522 475 3570 sols
492 3524 557 3584 legis
582 3522 614 3571 de
638 3524 775 3571 adulteriis
798 3524 968 3572 similitudine
993 3525 1129 3573 Heineocil
1159 3524 1314 3570 coniectura

74 3592 118 3637 vix
141 3589 251 3651 probari
279 3592 372 3653 possit.
477 3593 520 3650 35)
545 3590 585 3639 01.
608 3589 669 3654 Ulp.
692 3590 737 3639 lib.
762 3592 790 3639 X
815 3592 849 3641 ad
873 3593 958 3654 legem
980 3593 1030 3641 Iul.
1055 3598 1082 3639 et
1106 3589 1171 3653 Pap.
1196 3591 1230 3639 11.
1261 3590 1312 3641 145

75 3658 106 3705 de
126 3658 161 3705 V.
181 3656 210 3705 S.
290 3659 336 3719 36)
359 3661 496 3721 patronive
519 3658 609 3707 liberis
633 3661 758 3707 masculis
776 3687 809 3695 —
826 3661 859 3707 ct'.
885 3660 946 3724 Ulp.
969 3663 1013 3721 29,
1037 3661 1063 3707 4.
1134 3659 1179 3718 37)
1201 3658 1310 3707 Terent.

75 3724 158 3773 Clem.
178 3725 222 3773 lib.
241 3726 473 3789 xladreg.1u1.
492 3734 518 3775 et
537 3726 602 3790 Pap.
619 3727 652 3775 11.
673 3729 722 3778 153
742 3728 774 3777 de
794 3728 827 3776 V.
846 3726 875 3776 S.
944 3729 990 3790 38)
1009 3728 1049 3777 Gt.
1067 3727 1128 3789 Ulp.
1146 3728 1192 3776 lib.
1216 3727 1258 3776 XI
1276 3728 1310 3775 ad

74 3794 123 3856 leg.
142 3794 195 3842 Iul.
213 3800 239 3843 et
261 3794 326 3857 Pap.
349 3796 382 3847 11.
403 3797 434 3843 l'l
460 3796 492 3845 de
515 3796 563 3844 iur.
589 3802 721 3857 patronat.
746 3797 779 3845 fr.
799 3798 832 3847 3⁷
855 3797 887 3844 de
909 3796 970 3846 bon.
995 3797 1082 3845 libert.
1105 3796 1138 3844 11.
1162 3795 1195 3845 36
1215 3796 1247 3845 de
1266 3811 1310 3858 op.
