3009 4400
1283 262 1322 320 57

177 423 270 500 Quod
293 423 352 487 sub
367 423 555 496 ¹conditione
579 425 726 489 relictum
753 428 816 504 est,
847 425 874 487 si
899 430 975 504 post
1002 431 1138 491 mortem
1159 429 1323 491 testatoris

89 513 168 574 ante
190 507 379 573 conditionis
403 513 551 572 eventum
577 508 671 574 heres
700 511 913 590 legatariosve
944 510 1083 590 decedit,
1112 512 1265 577 caducum
1287 512 1323 578 fit

90 592 188 657 etad
211 611 274 672 eos,
299 594 352 674 qui
374 594 407 657 in
430 611 467 657 eo
490 597 683 661 testamento
705 596 824 660 liberos
845 595 973 676 habeut,
996 600 1051 659 eut
1070 597 1097 660 si
1120 596 1225 660 nullus
1247 597 1324 662 libe-

89 696 145 742 ros
166 677 279 757 habet,
303 679 343 742 ad
365 678 518 759 populum
544 679 697 745 defertur.
741 681 908 745 Iustinian.
932 699 958 745 c.
982 700 1034 744 un.
1058 681 1085 762 ᾗ.
1110 687 1127 744 7
1150 682 1191 747 de
1213 683 1322 748 caduc.

89 763 222 829 tollend.
268 763 339 828 Gai.
364 769 399 844 2,
423 769 495 829 206.
541 763 578 827 V.
601 765 713 846 fragm.
736 763 894 846 supp.⁶¹)

177 883 267 958 Quae
288 882 450 948 hereditas
473 882 598 963 quodve
625 883 767 966 legatum
793 889 944 965 tanquam
971 884 1100 966 indigno
1123 890 1235 966 erepta
1257 906 1323 952 ere-

88 971 221 1046 ptumve
245 973 307 1048 est,
339 969 394 1033 illa
414 967 532 1033 illudve
554 968 606 1049 iis,
629 970 683 1049 qui
706 971 738 1033 in
760 975 951 1035 testamento
974 970 1093 1035 liberos
1115 970 1246 1051 habent,
1269 977 1325 1036 aut

88 1053 116 1114 si
139 1053 245 1117 nullus
267 1052 386 1118 liberos
408 1053 514 1134 hebet,
538 1054 578 1119 ad
600 1054 753 1135 populum
776 1054 929 1120 defertur.
973 1055 1085 1119 lustin.
1109 1073 1135 1119 c.
1158 1075 1210 1120 un.
1234 1057 1261 1138 ᾗ.
1284 1062 1321 1120 12

13 1163 14 1174 ¹
88 1137 130 1200 de
154 1138 262 1202 caduc.
308 1137 385 1202 Coll.
411 1138 485 1219 Ulp.
511 1143 559 1219 19,
585 1144 633 1203 17.
678 1140 750 1204 Vid.
772 1140 853 1222 frag.
876 1138 1033 1220 supp.⁶²)

514 1324 564 1390 De
586 1325 677 1389 bonis
699 1327 896 1392 vacantibus

13 1557 14 1560 Ἴ
176 1475 210 1541 Si
232 1482 308 1542 ente
330 1477 449 1541 aditam
471 1476 683 1542 hereditatem
706 1480 889 1558 agnitumve
916 1479 1059 1560 legatum
1087 1478 1182 1542 heres
1202 1479 1324 1561 legata-

88 1561 198 1626 riusve
220 1562 370 1642 decedat,
400 1561 467 1625 sive
495 1561 590 1627 heres
617 1562 834 1646 legatariusve
856 1565 907 1629 ius
930 1583 1022 1629 suum
1049 1565 1209 1628 ommittet
1230 1582 1324 1644 repu-

88 1647 212 1727 diotre,
235 1647 398 1713 hereditas
420 1646 602 1728 legatumve
625 1649 680 1730 iis,
705 1651 759 1728 qui
781 1653 973 1715 testamento
995 1649 1113 1714 liberos
1135 1649 1267 1730 hebent,
1290 1655 1324 1714 et

87 1731 139 1796 his
162 1730 380 1798 deficientibus
402 1733 521 1812 populo
544 1733 741 1800 deferuntur.
767 1752 793 1798 c.
816 1754 869 1800 un.
886 1735 913 1816 ξ.
933 1735 1006 1800 5de
1026 1735 1134 1798 caduc.
1152 1734 1220 1800 toll.
1248 1734 1323 1814 Ulp.

88 1822 141 1897 28,
167 1824 195 1882 7.
241 1817 312 1882 Gai.
335 1818 367 1882 ll.
390 1816 421 1880 ll.
444 1817 557 1899 fragm.
581 1819 620 1884 de
642 1820 712 1884 iure
734 1819 803 1885 fisci
825 1821 846 1884 l.
861 1819 913 1900 ⁶³)

511 2004 561 2068 De
583 2005 653 2070 iure
677 2006 890 2072 accrescendi.

13 2195 14 2221 2
175 2157 260 2223 Ante
283 2161 413 2237 apertas
435 2155 560 2223 tabulas
583 2157 766 2239 editamque
796 2159 1010 2227 hereditatem
1032 2160 1116 2225 inter
1137 2160 1322 2226 coniunctos

13 2248 14 2261 ¹
87 2242 225 2309 heredes
252 2243 467 2325 legatariosve
495 2244 544 2307 ius
574 2246 775 2310 accrescendi
801 2246 833 2309 in
864 2247 918 2325 iis,
949 2263 1030 2324 quae
1060 2246 1180 2309 caduca
1212 2246 1262 2312 vel
1290 2247 1322 2309 in

87 2346 187 2392 causa
209 2330 320 2393 caduci
343 2332 429 2408 sunt,
453 2334 586 2409 excepto
611 2330 780 2395 usufructu
801 2332 922 2411 legato,
945 2349 1008 2394 non
1032 2331 1174 2411 esto.⁶4)

493 2514 542 2580 De
564 2516 713 2595 praemiis
736 2517 925 2581 delatorum.

176 2666 273 2730 Inditi
296 2669 444 2732 custodes
474 2672 507 2733 et
534 2668 606 2749 lege
633 2669 733 2750 Papia
760 2669 913 2750 Poppaea
943 2671 1093 2749 praemiis
1115 2670 1248 2747 inducti,
1276 2673 1323 2749 ut,

87 2750 115 2813 si
140 2769 160 2814 a
181 2752 360 2834 privilegiis
382 2759 552 2835 parentum
579 2760 773 2835 cessaretur,
803 2755 890 2821 velut
916 2773 1034 2835 parens
1063 2758 1202 2819 omnium
1223 2772 1323 2834 popu-

13 3012 14 3057 }
91 3007 122 3053 18
144 3005 177 3055 de
195 3005 348 3055 manumiss.
366 2986 441 3053 Paul.
465 3005 509 3055 lib.
529 3007 553 3052 V
576 3007 608 3055 fr.
626 3008 644 3055 4
661 3021 709 3071 pro
729 3007 819 3055 hered.
837 3008 869 3056 fr.
889 3009 922 3057 29
941 3008 973 3057 de
992 3008 1046 3056 reb.
1065 3015 1165 3056 auctor.
1185 3006 1238 3054 iud.
1256 3019 1320 3068 pos—

13 3068 14 3111 i
88 3073 140 3121 sid.
212 3074 255 3134 61)
280 3073 320 3123 cf.
340 3072 398 3123 Gai.
417 3074 461 3122 lib.
480 3074 550 3123 XIII
575 3075 607 3123 fr.
627 3076 659 3125 69
678 3076 710 3123 de
729 3077 826 3124 condit.
851 3082 877 3124 et
900 3076 1044 3125 demonstr.
1068 3082 1095 3124 et
1110 3075 1143 3122 fr.
1162 3077 1195 3124 31
1215 3075 1247 3122 de
1265 3082 1320 3122 ste-

13 3144 15 3201 t
89 3140 165 3191 tulib.
183 3143 216 3191 fr.
236 3142 505 3193 welcumestoa.
576 3143 621 3203 62)
647 3142 688 3191 cf.
710 3142 771 3207 Ulp.
794 3144 838 3192 fib.
863 3144 931 3192 XIV
947 3147 979 3193 fr.
998 3147 1023 3202 9,
1038 3144 1070 3192 de
1087 3144 1129 3192 his
1148 3158 1215 3206 quae
1233 3148 1262 3189 ut
1279 3142 1320 3189 in-

13 3240 14 3247 .
87 3209 160 3271 dign.
186 3211 268 3260 auser.
311 3210 386 3258 Bone
409 3212 534 3273 erepticia
556 3226 610 3259 non
633 3226 734 3274 semper
757 3212 791 3260 cd
816 3213 908 3261 fiscum
929 3215 1093 3277 pervenisse,
1113 3219 1223 3275 appetet
1240 3224 1273 3258 ex
1298 3225 1320 3257 c.

87 3292 133 3330 un.
159 3279 183 3343 ξ.
208 3280 240 3327 12
266 3280 321 3327 cit:
341 3279 396 3327 sive
420 3280 447 3327 in
465 3286 583 3328 nostrum
605 3280 709 3341 fiscum,
734 3281 789 3329 sive
812 3282 846 3329 in
864 3282 950 3330 elias
975 3294 1140 3344 personas
1159 3280 1321 3341 pervenient.

87 3344 131 3395 Cf.
156 3347 188 3395 fr.
203 3349 230 3398 ‘5
257 3348 280 3411 ξ.
308 3348 323 3395 2
350 3348 382 3395 fr.
408 3348 424 3396 9
450 3346 482 3395 de
508 3349 549 3396 his
574 3363 640 3410 quae
662 3356 691 3395 ut
714 3348 813 3411 indign.
839 3350 977 3399 Iustinian.
1002 3366 1024 3398 o.
1044 3352 1076 3399 25
1100 3350 1132 3396 de
1155 3348 1233 3410 leget.
1268 3346 1320 3394 Le-

13 3458 14 3463 ,
87 3429 149 3476 gem
177 3416 272 3464 Iuliam
303 3423 330 3464 et
359 3415 468 3478 Papiam
496 3418 582 3479 ipsam
609 3417 739 3465 eiusmodi
768 3418 949 3480 exceptionem
980 3419 1104 3467 statuisse
1130 3430 1164 3463 ex
1191 3414 1251 3477 Ulp.
1282 3416 1321 3475 19,

88 3485 122 3531 17
143 3484 266 3533 concludi
287 3498 342 3534 non
359 3491 455 3547 potest.
515 3485 560 3544 63)
579 3483 619 3538 Of.
639 3482 697 3539 Gai.
717 3484 761 3539 lib.
781 3485 852 3534 XIII
869 3485 901 3539 fr,
922 3487 954 3534 14
972 3488 1004 3534 de
1023 3488 1077 3534 cute
1096 3491 1122 3532 et
1140 3485 1211 3545 legit.
1230 3482 1321 3535 hered.
1391 3505 1394 3511 .

87 3551 152 3606 Ter,
176 3550 258 3607 Clem,
276 3552 321 3607 lib,
341 3552 394 3600 XV
418 3552 450 3607 fr,
470 3551 501 3600 16
521 3553 552 3601 de
571 3559 624 3615 opt.
642 3554 692 3615 leg.
715 3554 747 3607 fr.
767 3552 800 3605 59
828 3554 860 3602 de
885 3555 936 3616 leg,
953 3554 988 3608 ΙΙ,
1075 3553 1119 3611 64)
1139 3549 1180 3606 Of.
1200 3550 1259 3614 Uip,
1278 3551 1320 3610 24,

91 3622 131 3669 13.
168 3620 262 3669 Iulian.
281 3620 313 3675 fr,
331 3622 364 3670 26
385 3621 407 3685 ξ,
428 3620 442 3671 1
463 3620 494 3668 de
513 3621 612 3671 condit.
631 3628 657 3669 et
675 3622 819 3670 demonstr.
838 3622 899 3670 Ter.
919 3622 1001 3671 Ciem.
1024 3621 1068 3675 lib.
1085 3619 1168 3669 XVII
1185 3618 1218 3669 fr.
1239 3621 1269 3667 l'i
1288 3618 1321 3666 de
1398 3659 1400 3662 .

88 3696 146 3751 opt.
164 3687 214 3751 leg.
250 3687 311 3741 Gai.
334 3688 380 3740 lib.
400 3687 466 3737 XIV
484 3689 516 3739 fr.
537 3690 847 3751 58d010g11,rr.53
874 3691 889 3753 ξ
914 3691 927 3741 1
948 3692 980 3738 de
998 3692 1097 3751 acquir.
1114 3688 1156 3736 vei
1174 3689 1258 3743 omitt,
1275 3688 1323 3735 he·

13 3776 14 3829 j
87 3756 146 3810 red.
171 3754 243 3806 Paul.
267 3757 303 3806 lib
334 3757 374 3804 VI
391 3758 424 3810 fr.
451 3758 484 3805 89
504 3757 535 3806 de
553 3759 604 3819 leg.
623 3758 664 3806 III
686 3758 717 3807 fr.
744 3760 792 3807 142
812 3759 844 3807 de
862 3759 894 3812 V,
914 3758 941 3807 S.
978 3759 1037 3821 Ulp.
1062 3759 1094 3812 fr,
1114 3758 1126 3803 l
1146 3757 1161 3819 ξ
1179 3756 1196 3807 3
1214 3770 1271 3818 sqq.
1291 3755 1323 3802 de

1120 3846 1137 3904 5
