3009 4400
540 460 618 524 Lex
646 459 756 524 Iunia
784 458 950 526 Velleio.
970 459 1044 540 ¹⁴⁰)

691 545 715 592 9.
732 559 759 606 p.
778 542 909 608 cunm)

265 646 333 712 Lex
355 644 480 710 Velleio
507 645 608 710 voluit
639 646 709 709 vivo
740 649 899 711 testatore
917 647 1019 710 'natos
1043 663 1108 710 non
1136 664 1288 726 rumpere
1316 652 1427 712 testa-

180 736 330 796 mentum.

264 817 405 879 Primum
428 819 525 893 caput
549 831 603 878 eos
626 820 766 896 spectat,
796 816 850 894 qui
879 831 976 894 quum
997 821 1222 895 nascerentur,
1251 815 1303 880 sui
1325 814 1426 880 bere-

179 901 235 964 des
257 900 359 964 futuri
381 904 498 964 essent.
528 897 568 977 li,
591 898 618 960 si
640 900 741 965 virilis
763 917 858 964 sexus
881 905 970 978 sumt,
993 899 1182 963 instituendi
1204 906 1261 964 aut
1284 899 1425 966 exhere

179 985 275 1048 dandi
298 988 384 1063 sunt,
414 1001 454 1048 ne
484 987 710 1048 testamentum
737 989 914 1064 rumpatur.
959 983 1133 1048 Postumae
1158 1004 1222 1050 non
1243 985 1422 1050 institutae

178 1075 234 1134 aut
262 1069 448 1134 nominatim
476 1067 703 1149 exheredatae,
726 1068 835 1148 legato
865 1069 904 1132 iis
933 1067 1062 1149 relicto,
1076 1073 1319 1135 testamentum
1347 1089 1419 1135 non

178 1158 339 1234 rumpunt.
358 1151 430 1232 ¹⁴⁸)
476 1153 527 1216 Ita
549 1152 647 1216 verba
675 1160 765 1217 sunt:
798 1154 870 1230 Qui
897 1156 1185 1218 testamentum
1211 1155 1357 1235 faciet,
1380 1155 1420 1218 is

178 1239 301 1302 omnis
332 1237 466 1301 virilis
496 1254 628 1316 sexus,
661 1239 723 1318 qui
752 1238 787 1302 ei
815 1255 910 1301 suus
937 1237 1054 1303 heres
1083 1237 1246 1303 futurus
1277 1239 1357 1304 erit
1381 1246 1420 1305 ct

177 1329 294 1402 cetera,
319 1323 444 1386 etiamsi
466 1327 602 1402 parente
625 1323 695 1388 vivo
719 1327 900 1386 nascantur.

263 1407 417 1486 Sequenti
439 1412 533 1486 parte
556 1407 763 1472 succedentes
789 1407 823 1471 in
849 1407 954 1471 locum
981 1406 1156 1472 liberorum
1181 1425 1244 1472 non
1267 1408 1337 1473 vult
1360 1409 1418 1474 lex

177 1511 327 1573 rumpere
350 1497 587 1556 testamentum.
630 1491 739 1556 Verba
761 1493 808 1556 ita
830 1497 917 1556 sunt:
948 1492 987 1556 si
1013 1493 1100 1570 quis
1130 1510 1176 1558 ex
1202 1493 1283 1556 suis
1305 1493 1418 1558 here-

177 1576 295 1642 dibus
322 1593 415 1639 suus
441 1576 561 1640 heres
584 1593 669 1641 esso
693 1576 881 1656 desierit,
904 1576 1020 1641 liberi
1043 1575 1147 1661 eius,
1171 1582 1205 1642 et
1228 1584 1352 1657 cetera,
1375 1579 1417 1642 in

176 1661 300 1726 locum
323 1679 481 1725 suorum
503 1659 563 1724 sui
586 1660 756 1726 herodes
777 1661 1030 1726 succedunto.
1048 1696 1091 1707 -
1113 1661 1258 1727 Scaevol.
1277 1661 1318 1726 ir.
1337 1663 1418 1727 Gal-

176 1744 226 1810 lus
249 1751 289 1810 29
313 1745 339 1826 0.
366 1750 501 1809 11-14
531 1744 571 1808 (10
600 1745 654 1810 lib.
684 1752 717 1811 et
746 1749 884 1825 postum.
907 1745 935 1826 ξ.
958 1751 987 1809 5.
1011 1751 1040 1810 6.
1065 1753 1083 1810 7
1108 1746 1209 1812 eiusd.
1231 1746 1307 1827 Ulp.
1330 1746 1370 1810 fr.
1394 1753 1415 1811 3

176 1830 203 1910 §.
230 1835 243 1894 i
269 1831 387 1895 iniusto
411 1837 518 1911 rupto.
565 1829 696 1894 Gatlr.
722 1835 761 1894 13
785 1829 855 1924 eod.
878 1830 905 1911 b.
929 1835 948 1894 2
978 1830 1055 1895 Inst.
1079 1831 1121 1896 da
1143 1830 1295 1901 exhered.
1318 1831 1413 1899 liber.

622 1980 650 2043 t.
693 1979 733 2042 llo
757 1978 965 2043 donationibus.

449 2098 527 2163 Lex
550 2099 684 2162 Cincio
706 2098 746 2164 de
769 2099 860 2163 donis
883 2104 917 2162 et
939 2100 1133 2164 muneribus.

366 2202 425 2253 204.
445 2216 468 2250 0.
489 2200 551 2251 Chr.
570 2200 678 2264 plebiae.
697 2200 734 2249 M.
754 2198 840 2248 Cincii
858 2202 984 2248 Alimenti
1002 2197 1062 2248 trib.
1082 2200 1150 2262 pleb.
1162 2200 1222 2263 ¹⁴⁹)
1252 2221 1256 2231 .

179 2304 210 2385 l)
238 2304 307 2369 Lex
329 2304 438 2368 Cincio
459 2319 556 2383 supra
578 2307 702 2367 certum
723 2299 852 2365 modum
874 2301 986 2365 donari
1008 2300 1159 2380 prohibet
1181 2302 1220 2367 fr.
1237 2305 1312 2370 Vat.
1337 2310 1413 2370 304.

239 2389 314 2469 Ulp.
341 2393 367 2468 1,
393 2393 419 2453 1.
452 2388 542 2452 Paul.
566 2388 603 2451 R.
627 2386 658 2449 S.
682 2390 710 2465 5,
734 2391 763 2465 4,
787 2390 815 2450 6.
855 2384 937 2451 Cels.
960 2385 998 2449 fr.
1023 2391 1062 2450 21
1087 2386 1114 2468 0.
1141 2392 1155 2449 l
1181 2388 1221 2454 de
1245 2389 1413 2455 donation.

240 2472 339 2539 Iavol.
362 2471 401 2536 fr.
426 2478 466 2536 24
491 2470 658 2551 eod.1⁶⁰).

175 2558 209 2640 2)
240 2557 400 2636 Quasdam
423 2574 579 2638 personas
601 2554 653 2619 lex
675 2555 785 2621 Cincio
808 2553 936 2634 excipit.

233 2642 266 2724 a)
290 2641 507 2722 cognatorum
535 2641 675 2721 quinque
698 2640 818 2720 gradus
848 2641 974 2719 excepti
995 2647 1071 2705 sunt
1102 2647 1136 2705 et
1159 2660 1199 2706 cx
1220 2648 1314 2707 sexto
1347 2662 1414 2707 una

281 2744 433 2809 persona,
455 2727 603 2792 sobrinus
627 2731 660 2791 et
681 2724 820 2790 sobrina.
843 2723 882 2788 fr.
905 2724 979 2790 Vat.
1005 2730 1067 2789 298
1090 2742 1138 2805 sq.

225 2812 260 2894 b)
283 2812 498 2892 Excipiuntur
526 2817 560 2877 ot
587 2810 623 2888 ii,
651 2810 705 2888 qui
734 2809 768 2871 in
795 2813 960 2887 potestate
992 2828 1102 2875 eorum
1132 2811 1183 2876 vel
1207 2830 1304 2877 manu
1326 2830 1413 2875 man·

281 2898 418 2978 oipiove,
446 2896 524 2962 item
553 2912 688 2975 quorum
714 2894 748 2957 in
775 2897 939 2972 potestate
965 2912 1061 2959 manu
1082 2897 1281 2976 mancipiove
1305 2902 1413 2961 erunt.

280 2981 717 3064 bmbmmw.

174 3169 206 3217 (10
225 3168 321 3230 captiv.
341 3144 428 3226 (lutilos
446 3166 583 3229 actiones).
661 3166 720 3225 146)
740 3165 905 3227 Winlxlar,
922 3166 957 3214 do
974 3165 1025 3228 lag.
1044 3164 1122 3214 Innio
1140 3164 1256 3229 Velleio,
1276 3180 1369 3230 opusc.
1389 3168 1413 3219 1.

172 3234 450 3296 Mueblenbruch,
469 3233 615 3283 Commeat.
634 3234 761 3282 XXXVI
773 3250 800 3297 p.
820 3234 869 3283 187
887 3248 944 3296 sqq.
973 3233 1118 3295 Walter,
1135 3232 1213 3283 Rom.
1233 3233 1292 3286 Ro.
1312 3235 1337 3299 ξ.
1350 3236 1414 3286 604.
1503 3285 1504 3288 ,

172 3303 339 3363 Francke,
357 3301 440 3351 NER.
458 3303 485 3366 p'.
504 3303 537 3353 23
556 3316 613 3366 sqq.
649 3302 757 3362 Leist‚
778 3302 840 3353 bon.
861 3316 934 3364 poss.
953 3300 982 3349 11
1001 3301 1023 3365 ξ.
1038 3303 1088 3351 100
1106 3316 1165 3364 000.
1237 3303 1298 3363 141)
1316 3303 1416 3352 Leist
1503 3303 1504 3372 ᾗ

173 3372 194 3431 l,
210 3371 229 3422 l.
248 3370 272 3435 ξ.
287 3372 345 3421 101.
402 3371 461 3429 148)
479 3370 586 3431 Leist,
604 3371 622 3418 l.
640 3370 659 3419 l.
677 3386 703 3433 p.
723 3371 775 3421 234
793 3384 850 3432 000.
870 3370 929 3422 241,
948 3371 999 3420 226
1016 3376 1073 3418 not.
1086 3369 1111 3421 9.
1168 3371 1231 3430 149)
1249 3368 1415 3435 savigny,
1503 3379 1504 3446 3

173 3438 418 3500 2100101000011.
438 3438 496 3490 Rw.
515 3438 563 3499 IV,
584 3440 605 3487 1.
642 3436 804 3500 Rudorft,
824 3437 856 3485 de
873 3438 924 3500 leg.
944 3436 1018 3485 cino.
1039 3436 1220 3488 Berol.1825.
1246 3438 1415 3499 Francke,

172 3508 242 3559 civil.
258 3506 391 3569 Abbdlgg.
406 3506 429 3555 1.
461 3506 721 3567 Klinkbammer,
741 3506 774 3555 (10
793 3506 928 3555 donation.
956 3505 1041 3555 Amet.
1062 3505 1137 3572 1826.
1167 3505 1307 3568 Wenolr,
1325 3508 1413 3570 praec

173 3577 207 3626 ad
226 3574 360 3624 Hauboldi
380 3589 470 3639 opusc.
489 3575 564 3624 boad.
582 3575 596 3623 1
613 3589 639 3637 p.
659 3576 701 3625 37.
727 3574 851 3634 110000,
869 3572 963 3624 Bhein.
984 3574 1053 3621 Mus.
1072 3574 1093 3634 1,
1111 3588 1137 3637 p.
1161 3575 1210 3624 185
1226 3589 1287 3637 sqq.
1306 3575 1331 3636 3,
1353 3576 1414 3623 174.

173 3643 443 3705 Unterholzner,
467 3642 561 3692 Rhoin.
588 3642 658 3691 Mus.
675 3642 705 3691 11
729 3656 754 3705 p.
773 3640 869 3691 4368
892 3656 919 3703 p.
940 3641 999 3692 153.
1034 3642 1159 3702 Bonus,
1178 3641 1242 3704 quid
1271 3643 1415 3692 conferant

172 3713 233 3762 Vat.
254 3712 348 3774 fragm.
372 3712 438 3761 1842
456 3726 482 3776 p.
503 3710 659 3765 112-139.
688 3706 1046 3773 Savigny‚Syst.1V§.
1069 3710 1125 3761 165.
1161 3708 1413 3772 Pucbta,Cnrs.
1502 3743 1503 3748 =

172 3782 195 3841 0.
217 3781 277 3830 206.
350 3780 408 3844 100)
427 3781 444 3828 1.
464 3780 505 3829 21.
525 3780 559 3828 24
577 3778 749 3843 interpolatas
768 3792 826 3828 0000
844 3775 1008 3839 probabilius
1027 3778 1130 3826 videtur
1159 3776 1303 3840 Puebta,
1331 3777 1414 3828 curo.
