3009 4400
1287 297 1327 355 33

85 479 186 542 quam
208 461 240 524 in
268 463 463 539 potestatem
491 457 573 536 eiua,
605 472 713 538 aquo
742 457 889 536 protecta
914 476 968 525 res
994 460 1037 522 sit
1062 459 1231 524 herodisvc
1259 462 1328 525 eius

84 545 339 694 xgniagmeaul.
369 543 408 607 ir.
432 547 451 606 8
480 542 521 606 de
551 542 612 624 leg.
641 540 700 606 Iul.
730 544 901 621 repetund.
929 544 969 609 ir.
992 549 1033 608 48
1060 562 1109 624 pr.
1138 545 1179 609 de
1206 547 1326 627 acquir.

520 795 599 860 Lex
622 796 889 878 Mamilia¹³⁸>

175 914 300 982 Finium
323 931 471 999 agrorum
493 914 577 978 intra
599 914 739 995 quinque
761 916 861 995 pedes
890 915 1116 995 usucapionem
1143 914 1196 980 lex
1218 918 1326 982 Mami·

81 1000 133 1064 lia
155 997 399 1080 prohibet.¹⁸⁴)
444 997 508 1062 Cic.
533 999 572 1064 de
595 1000 656 1080 leg.
683 1004 708 1079 1,
733 1005 783 1079 21,
809 999 924 1065 561111.
1009 1060 1013 1068 ,

493 1165 570 1230 Lex
593 1165 814 1239 Scribonia.
835 1167 907 1249 181)

176 1287 255 1350 Eam
278 1282 504 1364 usucapionem
526 1284 654 1351 sustulit
676 1281 727 1350 lex
750 1287 915 1351 Scribonia
937 1286 1023 1368 (Hal.
1047 1287 1214 1369 Voconia),
1243 1307 1325 1371 quae

80 1371 277 1436 servitutem
300 1367 526 1476 constituebat.
541 1369 614 1450 186)
658 1371 747 1436 Paul.
771 1371 810 1439 fr.
833 1378 853 1436 4
875 1372 903 1453 ξ.
927 1376 967 1437 29
991 1371 1031 1437 de
1056 1375 1273 1454 usurpatione.

534 1569 565 1631 n.
608 1569 647 1633 lio
669 1569 883 1634 heriditatibue.

408 1705 487 1771 Lex
514 1705 636 1771 Furia
662 1706 1001 1787 testamentaria-¹⁸²)

501 1806 608 1870 plebiae.
627 1806 657 1856 0.
675 1808 749 1857 Furii
767 1808 828 1858 trib.
846 1808 914 1872 pleb.

175 1924 243 1989 Lex
273 1923 371 1989 Furia
404 1925 646 1990 testamentaria
675 1926 748 2006 plus
785 1942 881 2004 quam
911 1924 998 1990 mille
1030 1925 1149 1990 assium
1182 1924 1324 2006 legatum

82 2010 241 2075 mortisve
265 2027 361 2074 causa
388 2009 538 2090 prohibet
566 2028 681 2090 capere
707 2015 840 2090 praeter
866 2015 1017 2092 exceptas
1038 2028 1192 2091 personas
1216 2016 1249 2075 et
1270 2012 1323 2079 ad·

82 2113 201 2160 versus
225 2114 312 2175 eum,
336 2095 390 2174 qui
412 2093 484 2174 plus
507 2096 642 2176 ceperit,
666 2094 836 2176 quadrupli
857 2113 994 2176 poenam
1016 2095 1192 2160 constituit.
1215 2096 1324 2162 -le-

83 2185 200 2261 gatum
229 2200 293 2247 non
322 2179 474 2246 rescindit
500 2180 610 2260 itaque
633 2183 737 2246 minus
768 2200 863 2261 quam
890 2180 1037 2270 periente
1063 2179 1115 2246 lex
1142 2187 1201 2246 est.
1246 2181 1322 2263 Ulp.

85 2272 114 2346 1,
141 2271 171 2329 2.
217 2265 287 2331 Gai.
311 2271 340 2346 2,
364 2269 424 2329 225
447 2284 496 2346 pr.
520 2267 596 2331 Inst.
618 2266 659 2331 de
681 2267 743 2347 leg.
769 2267 855 2331 Falc.
876 2268 986 2347 ibique
1008 2265 1174 2347 Theophil.
1207 2266 1321 2349 Varro,

81 2351 200 2431 fragm.
224 2350 265 2415 de
287 2352 355 2415 vita
375 2370 450 2431 pop.
473 2350 564 2417 Rom.
586 2350 657 2432 Bip.
681 2371 710 2416 v.
734 2357 796 2417 247
820 2368 868 2431 sq.
912 2351 976 2416 (iic.
999 2370 1059 2432 pro
1087 2350 1188 2415 Balbo
1212 2357 1247 2432 8,
1270 2358 1321 2418 21.

82 2436 180 2501 Verr.
204 2440 232 2517 2,
259 2440 285 2515 l,
308 2442 350 2500 42
372 2436 399 2517 ἓ.
425 2440 496 2499 109.

172 2520 240 2585 Lex
263 2522 361 2585 Furia
394 2538 451 2584 sex
479 2522 597 2601 gradus
626 2527 659 2586 et
681 2539 777 2585 unam
803 2539 975 2601 personam
997 2539 1036 2585 ex
1059 2520 1194 2601 septimo
1219 2522 1323 2601 gradu

83 2606 223 2685 excepit,
245 2606 375 2670 sobrino
397 2609 515 2686 natum,
532 2611 565 2670 et
587 2624 652 2687 eoa,
677 2608 731 2686 qui
752 2608 915 2671 incorum
935 2609 1098 2686 potestate
1121 2623 1217 2670 manu
1238 2625 1322 2671 man-

82 2690 188 2770 cipio,
214 2695 246 2755 et
275 2708 410 2771 qnorum
437 2690 499 2772 ipsi
521 2692 554 2755 in
575 2696 739 2771 potestate
766 2708 862 2755 manu
885 2691 1041 2771 mancipio
1065 2696 1149 2754 sunt.
1193 2691 1320 2773 Fragm.

83 2776 161 2839 Vct.
187 2779 261 2850 301.
302 2775 378 2855 Uip.
402 2780 452 2856 aa,
475 2775 592 2858 urm)

172 2860 336 2925 Adversus
359 2878 440 2940 eum,
464 2861 519 2940 qui
540 2867 653 2927 contra
675 2880 746 2927 eam
760 2860 865 2943 legem
886 2860 960 2942 plus
977 2860 1125 2940 cepisset,
1147 2860 1200 2924 lox
1221 2860 1321 2925 Furia

84 2945 257 3025 quadrupli
279 2944 359 3026 legis
375 2946 532 3011 actionem
552 2965 613 3028 per
625 2947 942 3012 manusinieotionem
957 2946 1124 3011 constituit
1148 2945 1210 3009 Gai
1225 2952 1254 3025 4,
1268 2951 1319 3026 23,

84 3161 254 3213 Schirmer
269 3180 293 3227 p.
308 3163 368 3215 303.
441 3162 500 3228 133)
518 3162 769 3213 Unterbolaner
786 3164 800 3212 I
818 3165 842 3228 ξ.
861 3166 903 3215 53.
935 3162 1079 3222 Walter,
1098 3158 1131 3212 R.
1146 3161 1202 3213 Re.
1221 3165 1245 3229 ξ.
1260 3165 1319 3215 547.

82 3230 227 3293 Puchta,
240 3230 349 3296 Ours.§.
360 3230 419 3282 234.
438 3230 614 3281 Mommsen
627 3234 654 3281 in
665 3230 1127 3294 dFeldmesaerechr.IIp.221eqq.
1147 3228 1320 3282 Schirmer

82 3300 220 3362 p.110aq.
275 3300 334 3364 134)
347 3302 533 3363 v.sup.p.11.
579 3300 906 3361 135)Unterholzner
923 3298 960 3359 11,
978 3298 1070 3361 §.lta
1093 3296 1220 3350 Pnohta
1234 3303 1256 3363 ξ.
1269 3302 1319 3352 256

82 3368 129 3418 fln.
165 3368 300 3430 Elvera,
325 3368 392 3419 roim.
411 3366 635 3418 Servitutanlehre
653 3384 679 3433 p.
699 3371 758 3419 651.
831 3367 893 3427 136)
917 3364 1064 3415 servitutes
1085 3369 1255 3429 praediorum
1273 3385 1318 3418 ur-

82 3436 214 3486 banorum
240 3443 342 3488 tantum
367 3442 427 3485 ante
450 3436 534 3499 legem
562 3434 727 3486 Scriboniam
753 3438 861 3499 urucapi
886 3436 1006 3499 potuisse
1030 3441 1101 3482 certe
1125 3438 1263 3485 coniicitur
1286 3451 1319 3485 ox

83 3504 109 3567 ξ.
128 3506 161 3553 23
189 3506 232 3553 cit.
252 3512 407 3567 argumento
425 3510 502 3553 etex
529 3505 635 3554 diversa
653 3507 809 3553 servitutum
826 3504 996 3569 praediorum
1013 3502 1176 3552 urbanorum
1193 3513 1220 3553 et
1237 3506 1317 3567 rueti-

83 3585 176 3621 cornm
194 3581 299 3622 natura.
336 3570 377 3625 Cf.
395 3571 471 3622 Paul.
489 3574 523 3624 fr.
544 3574 576 3622 14
592 3589 633 3638 pr.
652 3574 684 3622 do
702 3575 792 3622 servit.
857 3570 1256 3634 137)Heinccciu211,20,
1277 3574 1318 3623 15.

82 3640 169 3688 Index
193 3641 244 3704 leg.
273 3639 356 3691 Orell.
382 3656 408 3705 p.
429 3640 485 3689 178.
521 3641 649 3690 Puchta
674 3642 730 3704 ΠΙ,
753 3644 778 3703 ξ.
797 3642 857 3693 321.
880 3640 906 3689 4.
924 3639 955 3699 2,
974 3638 1031 3687 162.
1069 3638 1317 3703 adulterasti.

83 3707 212 3771 Keller,
236 3708 270 3760 R.
296 3708 349 3757 ΟΡ.
369 3711 392 3769 ἓ.
414 3710 454 3759 13.
496 3710 664 3769 Huschke,
686 3709 719 3759 R.
739 3710 765 3759 d.
785 3708 889 3757 Nexum
910 3722 936 3770 p.
957 3707 1004 3755 142
1023 3721 1048 3768 p.
1069 3707 1117 3755 143
1143 3722 1170 3759 n.
1190 3709 1248 3757 193.

85 3774 146 3839 133)
167 3776 305 3837 Klenze,
324 3776 462 3839 Cognatam
484 3778 538 3826 und
559 3777 678 3839 Affinen,
703 3778 805 3826 Ztacbr.
829 3777 871 3826 tur
893 3775 983 3837 geecb.
1008 3772 1066 3823 Bw.
1086 3773 1137 3836 VI,
1160 3790 1186 3838 p.
1209 3777 1265 3823 102.

1090 3857 1110 3919 3
