3009 4400
1293 305 1312 364 3

70 467 155 532 Plin.
179 467 257 536 ibid.
279 468 419 548 Frugem
447 503 486 512 -
517 467 711 546 convictum3
740 468 940 547 impuberem
965 469 1127 547 praetoris
1150 469 1312 536 arbitratu

115 553 284 618 verberari
305 553 492 632 noxiamque
515 552 667 632 duplione
690 553 892 634 decerni.¹⁰)
937 552 1045 635 [VIII,
1068 554 1110 636 9.]

70 638 157 706 Ptin.
191 639 222 704 h.
258 659 289 703 n.
319 643 377 719 28,
406 643 435 704 2.
481 637 586 716 Quid?
614 637 678 701 non
705 645 739 704 et
773 639 881 718 legum
908 639 1051 719 ipsarum
1080 639 1112 702 in
1142 638 1311 706 duodecim

115 724 236 788 tabulis
260 724 360 788 verba
382 729 474 788 sunt:
498 723 1310 806 0111144111441144411.-8414441111414441.

117 813 152 890 3,
177 815 206 874 7.
251 808 332 872 Plin.
356 809 388 873 11.
410 828 441 874 n.
465 814 521 890 30,
547 815 574 874 1.
593 809 644 890 ¹¹)
690 808 798 890 [VIIL
820 809 867 892 8.]

71 893 163 958 Serv.
187 894 228 958 ad
251 895 340 974 Virg.
365 893 464 975 eclog.
487 900 522 975 8,
545 899 596 959 99.
642 894 736 960 Unde
760 900 810 960 est
831 895 865 959 in
887 894 1055 960 duodecim
1077 896 1208 961 tabulis:
1231 916 1310 963 neve

117 979 255 1044 alienam
282 985 426 1060 segetem
454 980 635 1061 pellexeris.
657 1015 700 1025 —
722 980 893 1061 Augustin.
917 980 975 1044 civ.
999 982 1051 1046 dei
1074 986 1107 1062 8,
1134 986 1182 1047 19.
1224 983 1311 1064 Apu-

116 1065 213 1146 leius,
237 1065 320 1146 apol.
343 1084 375 1144 p.
399 1069 461 1129 304
483 1065 629 1132 Elmeuh.
649 1065 700 1147 η)
746 1064 853 1147 [VIII,
877 1065 921 1147 8.]

72 1149 138 1216 Cic.
169 1151 210 1214 de
237 1151 363 1232 republ.
394 1156 428 1230 4,
462 1156 509 1234 10,
541 1157 578 1216 12
603 1152 788 1232 (Augustin.
812 1152 870 1216 civ.
895 1153 925 1216 d.
958 1156 991 1231 2,
1015 1152 1059 1232 9).
1103 1151 1240 1218 Nostrae
1268 1189 1310 1198 -

117 1235 287 1301 duodecim
308 1235 452 1317 tabulae,
476 1254 573 1316 quum
595 1255 775 1317 perpaucas
797 1256 850 1301 res
872 1239 977 1317 capite
1000 1238 1193 1317 sanxissent,
1214 1237 1310 1303 inhis

115 1321 198 1385 hanc
222 1338 351 1401 quoque
372 1320 574 1387 sanciendam
596 1327 805 1404 putaverrmt,
829 1324 860 1386 si
883 1327 969 1402 quis
991 1325 1309 1405 occentavisset,
1338 1344 1343 1350 ·

115 1408 185 1472 sive
208 1425 336 1472 carmen
359 1407 567 1489 condidisset,
597 1407 682 1486 quod
708 1407 871 1472 infamiam
897 1408 1019 1472 1444141
1046 1407 1244 1488 flagitiumve
1266 1410 1310 1473 al·

115 1493 189 1556 teri.
213 1528 256 1537 —
278 1491 342 1556 Cic.
365 1492 457 1557 Tusa.
481 1499 510 1574 4,
540 1499 569 1574 2,
590 1500 621 1557 4.
666 1493 781 1558 Horat.
806 1494 872 1558 841.
897 1499 931 1575 2,
957 1498 988 1574 1,
1012 1498 1053 1557 80
1075 1511 1145 1574 sqq.
1190 1495 1308 1576 Porph.

116 1585 150 1642 et
174 1578 290 1642 Acron.
321 1579 362 1641 ad
388 1578 419 1642 h.
448 1579 469 1642 l.
492 1577 612 1644 Arnob.
635 1578 706 1643 adv.
730 1587 817 1658 gent.
840 1585 876 1660 4,
904 1578 956 1644 fin.
1001 1578 1133 1644 Cornut.
1155 1579 1196 1643 ad
1219 1580 1308 1646 Pers.

114 1669 178 1830 fat.
204 1669 237 1745 1,
268 1669 338 1728 137.
388 1664 507 1728 Paulus
535 1683 562 1728 r.
592 1683 617 1728 s.
642 1669 675 1745 5,
706 1671 734 1744 4,
759 1669 788 1728 6.
834 1663 1013 1730 Cassiodor.
1037 1683 1104 1728 var.
1130 1670 1160 1745 1,
1189 1671 1239 1730 31.
1257 1666 1308 1747 ¹³)

74 1953 150 2004 Paul.
172 1953 249 2003 Diae.
268 1970 291 2002 v.
311 1954 408 2017 parrici
427 1959 582 2017 quaestores
600 1969 625 2017 p.
646 1955 693 2004 221
713 1953 799 2003 Malla
819 1982 851 1990 —
870 1969 931 2002 nam
948 1955 1084 2018 parricida
1102 1969 1156 2004 non
1173 1956 1263 2017 ntique
1281 1959 1304 2006 is

75 2025 119 2084 qui
142 2030 279 2086 parentem
302 2023 456 2083 occidisset,
488 2023 635 2084 dicebatur,
663 2024 710 2072 sed
729 2023 936 2086 qualemcunque
961 2024 1094 2073 hominem
1117 2024 1306 2077 indemnatum.

73 2092 116 2140 Ita
141 2093 224 2140 fuisse
245 2092 346 2139 indicat
366 2091 410 2140 lex
433 2090 535 2140 Numae
564 2090 689 2154 Pompilii
716 2093 798 2154 regia,
833 2091 875 2139 his
899 2093 1048 2154 composita
1071 2092 1173 2140 verbis:
1198 2087 1239 2141 ‘Si
1262 2095 1307 2156 qui

74 2161 210 2209 hominem
236 2159 347 2209 liberum
372 2160 435 2209 dolo
463 2161 548 2210 sciens
571 2161 650 2209 morti
675 2161 744 2223 duit,
768 2160 915 2224 parricidas
941 2157 1018 2209 esto.³
1052 2159 1148 2221 Rein,
1166 2159 1210 2211 Cr.
1229 2161 1261 2211 R.
1281 2163 1305 2212 d.

72 2229 152 2279 Rdm.
169 2246 195 2293 p.
214 2231 264 2279 401
284 2244 340 2291 sqq.
379 2227 628 2291 Osenbrriggen,
651 2230 698 2278 das
721 2228 826 2278 altrdm.
862 2228 1022 2277 Paricidium
1046 2245 1072 2294 p.
1098 2230 1218 2281 16-19.
1253 2230 1307 2279 Pn-

72 2297 197 2347 niebatur
224 2297 356 2346 homicida
387 2299 479 2346 securi.
533 2298 620 2347 Etiam
646 2299 677 2347 (14
702 2313 748 2361 eo,
779 2299 824 2361 qui
853 2298 1032 2367 imprudenter
1061 2299 1140 2346 41111111
1158 2298 1308 2361 occidisset,

72 2381 127 2414 non
146 2368 234 2419 solum
259 2368 317 2428 lege
335 2364 437 2415 Numae
456 2364 542 2429 (Serv.
561 2367 596 2415 ad
613 2367 687 2429 Virg.
706 2366 764 2415 ner.
782 2368 813 2428 4,
831 2367 874 2415 43.
904 2368 938 2415 ad
957 2364 1056 2428 Georg.
1076 2368 1104 2421 3.
1128 2368 1187 2417 387.
1210 2366 1306 2420 Festus

73 2451 97 2485 v.
117 2434 209 2483 Subici
227 2442 253 2483 et
271 2433 406 2497 Subigere.
443 2434 603 2494 Dirlrsen,
625 2436 762 2484 Verauche
782 2451 807 2499 p.
826 2437 877 2486 336
895 2435 977 2497 sqq),
1002 2435 1146 2483 sedetiam
1167 2437 1225 2498 lege
1243 2436 1307 2485 XII.

73 2504 126 2555 tab.
154 2511 259 2552 cautum
283 2504 364 2551 1111444
384 2504 516 2566 colligitur
538 2518 572 2553 411
590 2502 644 2552 Cic.
664 2511 718 2566 top.
739 2505 783 2563 17,
809 2504 853 2553 64:
880 2504 966 2551 144414
989 2504 1070 2551 telum
1091 2504 1235 2553 voluntatis
1259 2512 1307 2566 est,

72 2572 153 2621 141114
173 2585 250 2635 quem
268 2573 399 2632 nolucris,
417 2573 548 2621 fortunae.
585 2572 627 2619 Ex
646 2586 699 2635 quo
719 2573 788 2620 41144
811 2572 855 2620 1114
879 2571 1016 2620 subiicitur
1034 2573 1061 2619 in
1081 2574 1176 2621 vestris
1195 2575 1307 2622 actioni-

73 2640 136 2689 bus:
156 2642 179 2689 si
193 2641 273 2689 telum
287 2654 366 2687 manu
382 2641 449 2703 fugit
466 2642 563 2702 magis,
585 2654 663 2703 quam
674 2642 742 2689 iecit.
779 2639 834 2689 Cic.
852 2655 902 2704 pro
912 2638 982 2687 Tull.
996 2641 1037 2687 22.
1050 2640 1082 2688 de
1095 2648 1164 2689 orat.
1182 2642 1229 2702 39,
1249 2643 1307 2691 lae.

75 2711 116 2772 10)
138 2709 198 2757 Η44
221 2709 284 2757 111111
307 2722 389 2771 genus
417 2710 534 2757 severius
556 2708 726 2771 puniebatur,
755 2710 831 2771 quia,
856 2716 886 2757 ut
908 2710 1037 2756 nonnulla
1058 2708 1111 2757 alia
1133 2710 1256 2771 erimina,
1280 2712 1307 2758 in

74 2778 139 2825 deos
157 2779 232 2840 ipsos
250 2779 417 2826 commissum
436 2776 603 2838 credebatur,
626 2778 663 2827 ita
686 2784 715 2825 ut
737 2785 815 2841 caput
838 2778 876 2826 rei
900 2777 950 2825 diis
972 2778 1130 2825 sacrandum
1152 2784 1230 2826 esset.
1265 2778 1307 2826 De

74 2845 161 2893 verbis
189 2860 264 2907 saper
282 2842 349 2893 esto’
368 2861 390 2894 v.
409 2845 501 2906 Rein,
521 2844 564 2893 Or.
584 2844 615 2894 R.
634 2862 659 2909 p.
670 2848 704 2896 30
722 2860 762 2909 sq.
789 2845 890 2907 Dana,
909 2847 1017 2894 (1.4441.
1037 2843 1134 2894 Schuta
1152 2862 1179 2908 p.
1196 2846 1230 2893 47
1249 2860 1307 2909 sqq.

73 2914 194 2962 Inreum
213 2914 373 2977 impuberem
392 2928 445 2963 non
468 2914 521 2962 alio
543 2914 623 2963 modo
643 2914 909 2975 animadvertebatur,
930 2928 1008 2976 quam
1026 2914 1050 2961 si
1066 2915 1164 2962 furtum
1182 2914 1249 2961 alius
1268 2916 1307 2963 141

75 2984 258 3031 commisisset.
295 2980 364 3031 Gall.
385 2984 425 3043 11,
446 2984 484 3043 18,
504 2985 527 3031 8.
588 2985 631 3041 11)
650 2981 751 3032 Seneca
770 2985 787 3032 l.
806 2998 843 3031 c.:
861 2981 941 3044 Apud
959 2996 1008 3029 uos
1028 2984 1056 3030 in
1074 2982 1212 3031 duodecim
1229 2982 1306 3030 tabu-

74 3052 105 3099 lis
126 3058 248 3113 cavetur,
273 3065 305 3099 114
326 3052 384 3113 quis
402 3052 504 3099 alienos
522 3051 622 3099 fruetus
640 3053 809 3101 excantassit.
847 3050 929 3098 Rudis
947 3051 1034 3098 adhue
1052 3052 1195 3113 antiquitas
1214 3051 1305 3099 crede-

73 3118 132 3179 bat,
169 3127 195 3168 41
226 3120 324 3169 attrahi
354 3118 450 3168 imbres
483 3118 602 3168 cantibus
632 3128 658 3169 et
688 3121 787 3183 repelli.
848 3116 926 3168 Ovid.
954 3132 1037 3167 amor.
1068 3120 1098 3180 3,
1125 3116 1158 3178 t,
1183 3120 1214 3169 31
1249 3134 1307 3182 sqq.

76 3189 118 3246 12)
138 3189 278 3251 Angustia.
297 3189 314 3236 l.
337 3202 368 3236 c:
403 3188 445 3236 Eo
465 3188 536 3251 qnod
554 3188 603 3236 hac
621 3189 747 3251 pestifera
765 3189 945 3249 scelerataque
969 3187 1208 3236 doetrinafrnctus
1227 3189 1307 3236 alieni

72 3258 100 3303 in
134 3258 200 3305 alias
231 3264 316 3305 terras
351 3258 488 3305 transferri
517 3257 697 3319 perhibentur.
751 3257 831 3320 Apul.
848 3256 866 3303 l.
886 3270 921 3304 c.:
951 3256 1038 3317 magia
1067 3263 1176 3320 propter
1192 3256 1306 3318 frugium

72 3324 212 3373 illecebras
232 3325 379 3373 Interdicta.
415 3325 508 3387 Virgil.
527 3326 575 3373 441.
601 3327 629 3386 8,
659 3326 706 3376 991
744 3334 824 3387 atque
842 3331 914 3373 satas
932 3324 985 3372 alio
1007 3324 1062 3373 vidi
1081 3326 1218 3375 traducere
1236 3339 1305 3373 mes-

73 3408 124 3442 ses.
161 3394 247 3441 Huius
265 3395 382 3442 criminis
401 3394 595 3442 accusationem
622 3409 643 3441 v.
668 3394 737 3457 apud
766 3392 835 3442 Plin.
865 3394 890 3441 11.
919 3407 945 3440 11.
970 3393 1017 3453 18,
1042 3393 1065 3440 6.
1102 3392 1186 3442 Rein
1209 3408 1234 3457 p.
1256 3394 1306 3444 902

73 3469 127 3510 not.
143 3461 177 3487 *⁵*
212 3461 381 3522 Huschke,
404 3460 486 3510 Gaius
504 3477 530 3524 p.
552 3463 601 3511 120
618 3470 674 3511 not.
694 3464 733 3511 18.
807 3464 848 3524 13)
865 3461 937 3510 Nest.
956 3476 980 3509 v.
998 3458 1185 3510 Occentassint
1202 3466 1237 3523 (p.
1257 3463 1305 3509 181

72 3529 175 3591 Mani:
194 3531 294 3593 antiqui
314 3529 447 3589 dicebant,
466 3530 536 3592 quod
554 3545 622 3579 nunc
642 3532 791 3579 convicium
810 3532 921 3579 fecerint
951 3530 1076 3589 dicimus,
1099 3531 1216 3591 quodid
1235 3530 1306 3579 41414

73 3607 176 3647 etcum
196 3600 310 3661 quodam
329 3612 424 3647 canore
442 3598 478 3659 fit,
498 3600 636 3661 utprocul
655 3600 775 3647 exaudiri
792 3600 885 3662 possit.
920 3597 1008 3646 Etiam
1025 3597 1094 3646 Plin.
1116 3599 1141 3647 11.
1165 3613 1191 3647 11.
1215 3600 1256 3659 28,
1282 3599 1305 3646 2.

74 3665 163 3724 Quid?
176 3681 229 3715 non
246 3667 366 3729 etlegum
382 3670 499 3730 ipsarum
518 3668 545 3714 in
565 3668 702 3715 duodecim
721 3667 817 3716 tabulis
835 3666 916 3715 verba
934 3675 1009 3715 sunt:
1030 3664 1082 3724 Qut
1100 3667 1189 3729 fruges
1208 3680 1305 3715 excan-

74 3737 153 3784 tassit
171 3743 199 3783 et
215 3735 293 3783 alibi:
318 3733 369 3793 Qui
389 3736 484 3784 malum
505 3750 610 3784 carmen
628 3736 868 3785 incentasset--de
877 3736 1004 3783 conviciis
1022 3735 1096 3796 loqui
1114 3736 1231 3796 videtur,
1256 3736 1304 3782 mi-

73 3805 145 3851 nime
165 3804 196 3852 de
214 3804 291 3853 malis
312 3804 412 3852 artibus
431 3812 524 3853 eontra
541 3806 621 3853 vitam
641 3818 670 3865 ae
689 3806 829 3853 sanitatem
847 3804 1010 3865 exercendis,
1033 3809 1062 3849 ut
1079 3801 1213 3852 Dirlrseno
1232 3803 1304 3851 41114-

1054 3886 1101 3949 l*
