3009 4400
179 277 198 334 8

221 462 256 502 τε
279 434 518 501 αποιιτιννύναι
518 459 643 542 προαι
665 438 756 522 ἤται,
786 438 848 501 κᾶν
869 462 911 500 τα
901 435 1087 500 πολιτικαὶ
1110 433 1268 540 πράττων
1291 433 1310 502 ὅ
1332 449 1412 511 παῖς

221 521 282 607 ἤδη
304 521 462 630 τυγχάνῃ,
491 521 554 586 κᾶν
575 523 612 586 ἐν
610 535 757 627 αρχαῑς
785 534 859 597 ταῖς
879 525 1048 604 μεγίσταις
1071 520 1319 604 εξεταζόμενος,
1353 522 1414 586 κᾶν

224 607 281 671 1ιά
307 606 366 692 τὴν
393 610 439 681 εἰς
459 606 501 670 τὰ
527 607 620 670 κοινὰ
643 608 876 694 φιλοτιμίαν
860 606 1105 689 επαιναύμενος.
1130 645 1172 652 -
1204 607 1413 672 Kottaiobri-

223 709 281 776 σης
310 692 347 756 δὲ
373 693 428 776 τῆς
447 695 693 800 μοναρχίας-
724 695 855 766 (τοῦτον
880 693 939 757 τὸν
960 692 1072 775 νόμον)
1100 691 1182 755 δέκα
1203 690 1366 796 ἄνδρες“
1344 717 1413 774 αμα

222 791 290 853 τοις
324 775 435 852 αλλοις
464 775 667 883 ἀνέγραψαν
697 778 825 884 νόμοις,
856 787 912 842 και
935 779 1025 843 ἔστιν
1046 777 1083 842 εν
1116 779 1156 883 τῇ
1183 775 1321 869 τετάρτη
1349 779 1415 843 τῶν

220 862 337 946 λεγομέ
339 885 406 927 νων
427 861 557 927 δώδεκα
576 862 760 944 δέλτων,“
736 889 777 940 ας
797 861 1009 929 ανέθισαν
991 887 1028 927 εν
1050 885 1148 949 αγαρ
1132 864 1164 926 ἅ.
1186 866 1234 937 ³⁰)
1279 848 1348 945 [Ν,
1371 864 1413 946 2.]

179 949 253 1030 Ulp.
277 950 389 1030 fragm.
416 955 469 1030 10,
495 955 588 1013 l.—
610 949 647 1012 Id
671 953 754 1014 enim
777 950 829 1015 lex
851 951 1020 1016 duodecim
1047 950 1229 1014 tabularum
1253 950 1343 1016 iubet
1365 949 1414 1013 his

220 1036 327 1100 verbis
365 1035 399 1097 si
431 1040 496 1116 pat
504 1055 545 1100 ei
572 1034 747 1100 filium-t
733 1041 797 1100 ter
828 1055 969 1100 venum
997 1035 1121 1116 dabit
1092 1033 1270 1104 tfilius
1297 1055 1317 1099 a
1346 1055 1415 1116 pa·

222 1127 298 1288 ᾕιρ
323 1119 429 1286 11ρι11
456 1127 551 1186 estu
597 1155 640 1166 —-
682 1122 813 1202 Dionys
842 1126 870 1201 2,
906 1126 956 1185 27.
987 1121 1057 1186 Gai.
1086 1126 1112 1201 l,
1148 1125 1218 1185 132
1241 1121 1271 1201 4,
1278 1120 1414 1255 7911)

711 1347 736 1404 c)
773 1341 893 1391 Manus.

180 1426 250 1491 Liv.
273 1431 307 1507 4,
330 1430 360 1490 4.
405 1425 475 1490 Hoc
498 1429 615 1506 ipsum,
643 1446 683 1491 ne
712 1427 903 1504 connubimu
930 1425 1075 1506 patribus
1103 1443 1174 1489 curn
1202 1425 1298 1504 plebe
1321 1434 1416 1508 esset,

222 1529 287 1576 non
310 1511 480 1576 decemviri
502 1512 669 1577 tulerunt?
691 1549 734 1558 —
756 1513 824 1577 Lis.
838 1517 872 1591 4,
897 1517 925 1575 6.
949 1511 1013 1576 Cic.
1036 1511 1077 1575 de
1099 1509 1223 1591 republ.
1237 1515 1266 1592 2,
1289 1515 1339 1593 37,
1363 1517 1414 1577 63.

223 1597 354 1678 Dionys.
380 1601 434 1676 10,
459 1601 509 1660 60.
536 1603 588 1677 11,
613 1602 664 1661 28.
680 1597 732 1678 ³²)
777 1597 851 1680 [XL
876 1595 918 1678 1.]

182 1682 252 1748 Gai.
285 1686 315 1762 1,
346 1686 416 1746 111.
460 1679 530 1746 Usu
559 1683 592 1747 in
618 1701 744 1746 manum
773 1682 998 1762 conveniebat,
1036 1699 1119 1761 quae
1152 1699 1235 1746 anno
1266 1684 1416 1747 continuo

222 1773 325 1848 nupta
348 1768 589 1847 perseverabat;
614 1785 695 1848 quae
719 1769 803 1834 enim
824 1768 915 1832 velut
936 1785 1042 1831 annua
1063 1767 1265 1846 possessione
1288 1786 1348 1831 usu
1368 1787 1417 1832 ca-

223 1853 386 1932 piebatur,
416 1853 448 1916 in
477 1852 630 1917 familiam
658 1854 718 1918 viri
739 1852 919 1918 transiebat
940 1852 1090 1931 filiaeque
1112 1852 1216 1917 locum
1238 1853 1416 1933 optinebat.

224 1939 334 2017 itaque
356 1937 428 2018 lege
451 1938 619 2004 duodecim
640 1938 823 2002 tabularum
845 1945 975 2004 cautum
1000 1943 1085 2018 erat,
1116 1939 1145 2002 si
1167 1953 1233 2016 qua
1253 1938 1354 2004 nollet
1378 1959 1416 2003 eo

224 2023 318 2088 modo
342 2023 374 2087 in
397 2041 523 2087 manum
546 2024 652 2089 mariti
675 2025 859 2105 convenire,
887 2031 924 2090 ut
947 2024 1118 2103 quotannis
1145 2023 1295 2088 trinoctio
1327 2023 1417 2089 abes-

224 2113 396 2188 secatque
422 2108 469 2174 ita
496 2128 588 2175 usum
615 2110 769 2188 cuiusque
797 2111 871 2174 anni
897 2110 1157 2188 interrumperet.
1180 2144 1223 2154 -
1270 2108 1354 2174 Gell.
1386 2129 1416 2174 ιι.

225 2214 254 2259 a.
288 2198 320 2275 3,
350 2200 457 2275 2,13.
502 2195 643 2261 Macroh.
668 2194 796 2260 Saturn.
822 2202 852 2276 1,
876 2195 973 2276 991)
1018 2193 1091 2277 [11,
1114 2193 1159 2276 4.]

183 2279 247 2345 Cio.
270 2279 407 2360 Philipp.
432 2285 463 2360 2,
487 2286 542 2360 28,
567 2284 617 2344 69.
661 2281 734 2344 Etsi
755 2282 819 2344 iam
840 2286 951 2361 negat,
977 2280 1093 2360 nolite,
1122 2280 1224 2346 nolite
1248 2297 1416 2359 quaerere.

225 2365 324 2445 Frugi
351 2364 454 2429 lactus
483 2371 542 2430 est.
592 2364 684 2429 Illam
710 2384 801 2429 suain
829 2384 903 2429 suas
936 2384 994 2433 res.
1020 2365 1081 2430 sibi
1108 2365 1227 2431 habere
1255 2366 1349 2430 iussit
1378 2386 1418 2431 ex

183 2551 209 2599 d.
227 2549 260 2599 R.
278 2565 303 2613 p.
321 2548 407 2599 4411.
425 2548 613 2608 Rossbach,
633 2549 826 2614 Untersnehgg.
844 2551 953 2606 dherd.
971 2549 1037 2600 ιόιιι.
1055 2552 1121 2614 Ehe,
1139 2559 1194 2601 not.
1215 2553 1273 2601 147.
1309 2550 1357 2610 30>
1375 2551 1416 2599 De

184 2625 358 2681 cognatorum
383 2618 495 2667 consilio
519 2632 535 2666 a
560 2625 634 2681 patre
659 2619 810 2669 adhibendo
832 2636 858 2669 v.
879 2621 1019 2680 chnze‚
1047 2621 1071 2668 d
1097 2619 1234 2683 Cognaten
1261 2636 1285 2667 u.
1310 2620 1418 2669 Affinen

183 2687 250 2736 nach
277 2684 342 2735 ιόιιι.
365 2685 397 2734 R
422 2684 524 2734 Ztschr
547 2686 564 2734 1.
589 2687 676 2747 gesch.
701 2686 758 2735 Rw.
785 2690 813 2750 6,
837 2703 862 2751 p.
887 2690 928 2737 29.
964 2686 1132 2752 (dealing,
1164 2686 1260 2737 Gesch.
1285 2688 1332 2737 der
1351 2687 1417 2737 rom.

184 2750 339 2804 Stanteverl.
363 2771 388 2817 p.
410 2756 457 2803 102
476 2769 515 2816 sq
552 2753 807 2834 osenbruggen,
831 2757 1045 2820 parricidiump.
1071 2758 1104 2805 21
1123 2772 1162 2819 sq
1198 2756 1325 2819 Lange,
1349 2756 1417 2806 ιόιιι.

183 2823 298 2871 Alterth.
317 2838 342 2886 p
364 2825 420 2872 101.
456 2822 527 2884 Lege
553 2824 626 2883 regia
643 2823 749 2872 Romuli
776 2824 903 2872 infantem
924 2826 1038 2873 triennio
1061 2828 1190 2874 minorem
1214 2825 1327 2874 necandi
1345 2826 1418 2888 patri

183 2893 225 2941 ius
242 2906 295 2939 non
314 2898 379 2940 erat.
398 2890 510 2954 Dionys.
529 2892 557 2953 2,
582 2893 622 2941 15.
659 2890 730 2939 De
724 2906 781 2940 rure
804 2894 873 2940 vitae
898 2895 1021 2955 necisque
1043 2908 1067 2941 v.
1088 2892 1156 2943 Gell.
1180 2895 1209 2954 5,
1234 2894 1281 2953 19,
1302 2894 1326 2942 9.
1362 2892 1418 2941 Cic.

183 2974 232 3023 pro
252 2960 321 3008 dom.
340 2961 386 3021 29,
407 2960 447 3009 77.
483 2958 536 3008 Dio
560 2957 635 3007 Cass.
654 2960 698 3019 37,
718 2961 760 3011 36.
795 2959 869 3008 Paul.
887 2962 919 3009 fr.
939 2964 970 3009 11
990 2961 1022 3008 de
1039 2961 1084 3009 lib.
1103 2968 1216 3024 etpost.
1236 2960 1329 3024 Papira
1347 2961 1418 3009 Mos.

183 3035 209 3076 et
226 3026 303 3076 Rem.
322 3028 371 3090 leg.
391 3028 451 3075 coll.
470 3026 500 3088 4,
520 3030 543 3077 8.
608 3024 651 3091 31)
672 3028 708 3075 Et
724 3030 837 3077 necandi
854 3036 881 3077 et
898 3029 1029 3077 vendendi
1052 3030 1123 3079 filios
1140 3030 1210 3092 patri
1228 3030 1268 3077 ius
1286 3031 1417 3091 antiquis-

183 3098 256 3145 simis
275 3094 437 3159 temporibus
455 3110 509 3143 non
527 3095 612 3144 solum
631 3096 702 3158 apud
715 3094 870 3158 Romanos,
888 3097 935 3145 sed
954 3098 1032 3145 etiam
1050 3098 1120 3161 apud
1138 3099 1204 3147 alias
1223 3103 1315 3159 gentes
1333 3098 1418 3147 fuisse

183 3170 282 3213 certum
301 3172 348 3212 est.
384 3162 530 3225 Utrumque
548 3177 611 3211 vcro
630 3165 670 3212 ius
689 3165 740 3212 iam
759 3167 842 3213 multo
864 3175 925 3214 ante
944 3165 1001 3213 XII
1018 3165 1071 3213 tab.
1099 3166 1301 3215 diminuebatur.
1338 3165 1419 3215 Pater

183 3233 251 3281 enirn
274 3246 307 3280 ne
332 3232 426 3290 filium,
455 3233 499 3293 qui
524 3246 632 3279 uxorem
653 3231 777 3295 duxerat,
802 3235 929 3283 venderet
951 3236 1003 3282 iam
1021 3234 1078 3295 lege
1098 3235 1170 3296 regia
1187 3233 1290 3283 Numae
1309 3241 1418 3283 cautum

182 3314 240 3348 esse
253 3300 375 3349 traditur.
387 3298 499 3362 Dionys.
512 3302 536 3359 2,
555 3301 595 3347 27.
634 3299 701 3349 ΡΙιιι.
715 3297 793 3349 Νιιιιι.
809 3304 848 3349 11.
861 3302 990 3362 Dirlrsen,
1011 3302 1086 3351 Vers.
1098 3318 1124 3366 p.
1138 3302 1188 3353 333
1205 3317 1243 3364 sq.
1281 3300 1326 3351 Sic
1338 3304 1419 3351 etiam

182 3380 237 3416 non
256 3374 312 3417 erat
324 3382 423 3417 novum
442 3369 511 3430 quod
529 3368 611 3417 filium
628 3376 668 3416 ter
685 3369 819 3418 venditum
838 3370 986 3419 libertatem
997 3371 1108 3433 adipisci
1120 3371 1261 3421 decemviri
1273 3373 1418 3420 constitue-

182 3443 256 3495 runt,
286 3436 333 3485 sed
358 3437 429 3498 quod
452 3436 569 3484 moribus
592 3437 790 3499 comprobatum
814 3449 886 3497 erat,
912 3446 1074 3501 receperunt
1111 3438 1170 3498 Qua
1194 3440 1250 3501 lege
1279 3441 1417 3501 quomodo

183 3504 396 3554 deindeRomani
409 3506 449 3553 usi
462 3505 682 3568 sintadpatriam
695 3514 853 3569 potestatem
870 3509 918 3555 rite
937 3507 1133 3556 dissolvendam
1151 3508 1260 3555 tradunt
1278 3507 1339 3570 Ulp.
1357 3506 1418 3555 Gai.

183 3574 236 3621 citt.
308 3574 351 3633 32)
377 3571 493 3622 cicer.
512 3574 545 3621 ad
565 3574 615 3638 leg.
634 3573 690 3621 XII
708 3574 761 3623 tab.
780 3576 813 3624 fr.
832 3575 883 3623 238
901 3590 940 3638 pr.
960 3576 992 3623 de
1011 3574 1043 3624 V.
1064 3574 1092 3625 S.
1128 3575 1185 3625 Liv.
1204 3577 1233 3635 4,
1258 3577 1281 3623 2.
1314 3575 1417 3625 Ross-

182 3640 273 3702 bach,
291 3641 466 3704 Untersuchg.
489 3641 531 3690 lib.
550 3642 574 3689 d.
594 3640 660 3691 ιὸιιι.
678 3642 735 3691 Ehe
761 3658 786 3706 p.
804 3645 855 3694 453
874 3658 931 3705 sqq.
967 3643 1088 3706 Lange,
1112 3643 1177 3695 ιόιιι.
1198 3644 1312 3692 Altcrth.
1330 3659 1356 3707 p.
1375 3645 1418 3706 90,

182 3710 224 3760 92.
242 3710 276 3759 V.
294 3708 354 3759 infr.
376 3711 407 3759 de
425 3712 483 3773 lege
502 3709 636 3759 Canuleio.
707 3711 751 3771 33)
776 3710 831 3761 (lic.
853 3726 903 3775 pro
922 3711 1009 3761 Flacc.
1029 3713 1070 3763 34.
1089 3714 1130 3762 84.
1167 3711 1227 3762 Gai.
1248 3714 1274 3774 1,
1301 3714 1365 3761 111:
1385 3740 1418 3749 -

183 3780 399 3843 interrumperet,
423 3780 470 3829 sed
488 3780 538 3830 hoc
557 3786 642 3830 totum.
659 3780 698 3829 ius
718 3782 816 3843 partim
832 3777 934 3843 legibus
952 3780 1085 3831 sublatum
1102 3788 1155 3843 est,
1177 3781 1274 3845 partim
1291 3782 1353 3843 ipsa
1370 3781 1417 3830 de·
