3009 4400
412 429 493 495 Lex
522 429 629 494 Iulia
644 426 718 509 ¹⁹⁰)
747 427 802 508 (dc
824 426 968 492 cessione
990 426 1173 510 bonorum).

268 548 355 630 Lege
388 546 472 612 Iulis
504 545 691 618 beneficium
727 543 880 612 cessionis
912 542 1071 608 bonorum
1104 545 1332 612 introductum
1361 537 1425 613 est.

185 632 255 698 Gci.
279 637 307 714 3,
331 635 381 697 78.
426 632 527 697 Diocl.
556 636 590 698 ei
618 630 746 695 Maxim.
769 649 796 695 c.
820 633 840 693 4
863 628 918 708 qni
945 627 1020 692 bon.
1051 628 1121 694 ced.
1150 649 1238 711 poss.
1269 634 1361 699 rubr.
1384 633 1417 698 O.

183 716 339 783 Tbeodos.
363 717 419 796 qui
440 715 531 784 bouis
555 715 687 797 exlege
709 713 793 800 Iulia
814 713 929 779 cedere
951 718 1096 792 possunt.
1487 745 1489 891 y

186 971 329 1019 constitute
346 983 405 1019 esse
421 983 471 1033 pro
490 974 563 1019 certo
581 966 672 1017 heberi
689 972 789 1031 potest,
812 965 987 1017 exhibuimus.
1022 967 1066 1016 De
1083 968 1129 1029 iis,
1154 981 1224 1032 quse
1243 968 1277 1017 ub
1295 968 1416 1033 Angusto

185 1037 221 1090 de
235 1038 338 1088 iudiciis
356 1038 466 1101 privetis
483 1042 622 1101 praeterea
637 1041 737 1086 statute
755 1049 814 1084 esse
834 1035 978 1084 verisimile
994 1036 1113 1096 videtur,
1136 1037 1192 1088 vid.
1211 1035 1353 1087 Heiiter
1371 1038 1417 1086 ob·

185 1119 254 1158 serv.
280 1105 314 1155 ud
332 1104 390 1158 Gai.
415 1119 441 1168 p.
458 1107 491 1156 2⁷
509 1120 570 1168 sqq..
646 1104 707 1165 196)
724 1103 835 1165 Augusti
857 1103 901 1153 vel
925 1102 1067 1153 Caesaris?
1093 1105 1306 1166 Zimmeru,1
1334 1107 1358 1168 5.
1378 1108 1418 1158 36.
1489 1103 1491 1191 i

183 1173 227 1222 III
245 1173 322 1240 §.⁸18.
351 1173 393 1226 Cf.
412 1172 489 1224 Oeen.
506 1173 569 1224 b.c.
587 1172 648 1235 3,1,
666 1170 728 1223 23.
752 1170 837 1221 Tacit
856 1172 943 1220 annul.
962 1171 988 1231 6,
1008 1173 1040 1223 16
1059 1169 1171 1224 Sueton.
1191 1171 1273 1222 Caes.
1291 1174 1336 1222 42.
1364 1172 1417 1223 Dio
1489 1200 1490 1203 =

185 1238 260 1290 Geso.
278 1243 319 1304 58,
337 1243 379 1304 21,
397 1255 430 1291 cx
448 1240 541 1305 quibus
565 1240 632 1291 locis
651 1239 793 1290 Gaesarem
818 1239 850 1288 dc
875 1252 936 1288 uero
961 1237 1051 1290 nlicno
1075 1241 1161 1304 legem
1186 1242 1306 1304 aliquem
1325 1243 1417 1292 tulisse

184 1316 303 1373 cuperet.
