3009 4400
172 428 389 495 constituitur.
439 429 510 506 Qua
542 435 575 493 et
604 429 676 510 ipsa
703 437 798 510 parte
831 426 912 506 legs
945 427 1052 492 damni
1084 429 1213 494 nomine
1250 430 1414 494 actionem

171 513 333 579 introduci
355 513 559 577 manifestum
582 521 641 579 est.
687 515 758 579 Gai.
782 519 814 591 3,
845 515 917 576 215.
940 517 1012 577 216.
1059 511 1134 593 Uip.
1156 512 1197 578 fr.
1221 518 1261 577 27
1284 515 1313 597 5.
1335 514 1411 578 41.

171 603 194 665 t.
218 598 246 680 5.
271 603 309 662 12
333 597 413 662 lust.
435 597 466 662 h.
488 596 599 678 cm)

257 683 368 748 Tertio
392 687 498 747 autem
521 683 628 762 capite
650 682 696 748 ait
719 682 832 747 eadem
852 681 905 746 lex
927 680 1070 762 Aquilia:
1095 679 1333 747 Ceterarum
1354 701 1410 747 re

172 786 257 832 rum
279 773 449 850 praeter
476 767 671 832 homiuem
700 773 738 832 et
765 767 956 847 pecudem
986 767 1156 849 ccciccc,
1183 767 1216 830 si
1245 768 1336 846 quis
1359 766 1411 832 al·

172 854 254 918 teri
283 853 458 917 damnum
483 851 602 932 laxit,-
631 851 733 932 quod
764 852 929 931 usserit,
955 850 1147 932 fregerit,
1175 852 1337 932 ruperit
1359 853 1411 915 in-

171 938 295 1016 iuria,
321 937 462 1016 quanti
491 954 536 1000 ea
564 955 629 1002 res
658 937 738 1001 erit
766 939 805 1000 in
835 936 976 1000 dIebus
1002 936 1181 1016 triginta
1201 937 1409 1016 proximiS,

172 1027 331 1086 tantum
359 1039 425 1086 aes
455 1021 607 1086 domino
639 1021 733 1085 dare
765 1021 921 1085 damnas
951 1026 1048 1086 esto.
1092 1017 1168 1101 Ulp.
1196 1021 1236 1086 fr.
1267 1027 1307 1086 27
1337 1021 1408 1104 55

171 1105 202 1170 h.
226 1110 249 1170 t.
286 1106 356 1170 Gai.
381 1111 414 1185 3,
438 1111 510 1172 217.
534 1110 607 1172 218.-
630 1105 657 1186 5.
684 1111 721 1170 13
745 1106 824 1170 lust.
847 1106 878 1170 h.
901 1111 926 1170 t.
970 1105 1045 1185 Ulp.
1068 1105 1149 1170 Mos.
1173 1110 1207 1170 ct
1228 1106 1321 1172 Rcm.
1344 1107 1408 1188 leg.

173 1191 244 1256 ccll.
269 1197 303 1272 2,
326 1197 363 1268 43
394 1196 447 1270 12,
471 1197 501 1254 7.
546 1191 608 1264 Tit.
632 1191 705 1270 Dig:
730 1196 764 1254 et
786 1191 864 1257 Cod.
892 1191 960 1255 citt.
1005 1192 1117 1270 Pomp.
1144 1189 1184 1254 fr.
1208 1197 1250 1256 70
1271 1193 1299 1274 5.
1326 1197 1340 1256 l
1367 1192 1409 1256 ad

171 1274 229 1340 SC.
253 1275 389 1340 Trebell.
413 1275 562 1352 Quinctil.
586 1274 666 1340 dccl.
691 1280 764 1340 385.
1173 1320 1180 1330 »

256 1361 299 1424 Et
325 1360 407 1425 iufra
431 1360 546 1426 deinde
574 1365 721 1440 cavetur,
749 1369 787 1423 ut
815 1361 970 1425 adversus
996 1359 1188 1427 infitiantem
1215 1363 1249 1427 in
1272 1361 1407 1442 duplum

171 1445 255 1512 actio
280 1444 461 1527 esset.¹⁷⁴)
508 1444 831 1527 (1117111111
876 1444 966 1510 Paul.
995 1464 1021 1510 r.
1049 1463 1074 1509 a.
1100 1451 1131 1527 1,
1163 1451 1212 1512 19.
1256 1446 1340 1511 Nou.
1368 1451 1407 1510 18

172 1547 198 1594 c.
222 1535 252 1594 8.
296 1529 333 1593 L.
356 1529 445 1594 Rom.
468 1529 633 1610 Burgund.
658 1535 695 1594 15
720 1529 927 1611 Schult¹⁷⁶>

258 1614 460 1679 constitutae
480 1620 555 1679 suut
570 1619 678 1679 autem
694 1614 827 1680 noxales
842 1616 986 1683 actiones
997 1621 1055 1682 aut
1070 1617 1196 1698 legibus
1213 1623 1271 1682 aut
1287 1617 1405 1682 edicto:

171 1699 311 1780 legibue,
334 1697 434 1762 veluti
455 1698 536 1764 furti
557 1700 630 1780 lege
652 1700 716 1765 XII
738 1699 929 1781 tabularum,
942 1700 1015 1782 176)
1045 1701 1153 1766 damni
1174 1703 1310 1768 iniuriae
1333 1701 1407 1781 lege
1493 1718 1494 1791 3

171 1783 317 1863 Aquilia3
340 1783 444 1848 edIctc
469 1790 530 1849 etc.
567 1784 1292 1866 (1114,71141111.111111111101.
1329 1787 1404 1866 Ulp.
1493 1798 1494 1875 l

171 1866 210 1933 sr.
235 1874 254 1932 2
277 1869 304 1950 5.
330 1872 345 1932 1
375 1868 414 1934 de
440 1869 547 1934 nonai.
575 1870 693 1935 action.
737 1867 880 1935 Marcell.
910 1870 949 1936 fr.
974 1876 992 1936 5
1014 1871 1042 1936 si
1063 1871 1137 1938 farn.
1159 1871 1237 1938 furt.
1259 1871 1320 1938 fec.
1343 1872 1403 1936 dic.
1493 1882 1494 1935 l

170 1953 325 2035 Pompon.
347 1953 385 2018 fr.
410 1958 450 2017 56
474 1954 514 2023 dc
537 1954 575 2021 Ο.
598 1959 632 2021 et
652 1955 691 2020 Α.
1078 1964 1081 1971 ’

172 267 213 326 ω

630 2139 662 2205 ll.
705 2139 745 2203 lle
767 2139 936 2205 actionibus.
990 2184 992 2188 ψ

580 2275 659 2341 Lex
688 2270 897 2342 Plaetoria
916 2275 987 2357 177)

544 2375 708 2441 plebisc.=M.
726 2375 856 2427 Plaetorii
873 2377 934 2426 trib.
953 2378 1021 2441 pleb.

256 2494 299 2559 Μ.
321 2494 503 2560 Plaetorius
525 2501 566 2559 tr.
589 2496 632 2576 pl.
656 2496 771 2561 scitum
793 2496 882 2576 tulit,
904 2496 936 2558 in
959 2511 1022 2573 quc
1045 2494 1287 2576 scriptumest:
1312 2517 1405 2577 prae·
1493 2497 1494 2562 i

171 2586 225 2646 tor
246 2580 397 2660 urbanus,
420 2581 474 2659 qui
496 2598 580 2645 nuuc
603 2586 661 2662 est,
682 2582 804 2661 quique
826 2580 958 2660 posthac
972 2580 1049 2660 fuat,
1072 2580 1153 2645 duos
1170 2580 1302 2647 lictores
1317 2583 1405 2662 apud

171 2683 207 2731 se
228 2664 359 2745 habeto,
382 2665 474 2744 isque
497 2681 598 2744 usque
621 2666 661 2730 ad
683 2684 865 2747 supremam
885 2666 935 2728 ius
956 2664 1043 2729 inter
1064 2665 1149 2729 cives
1172 2666 1280 2735 dicito.
1325 2667 1405 2731 Cen·
1493 2685 1494 2746 1

171 2751 268 2815 scrin.
293 2750 333 2815 de
361 2748 413 2814 die
443 2749 616 2814 natalie.
660 2751 765 2815 Varro
796 2748 923 2814 dell.
947 2753 979 2828 6,
1003 2754 1119 2813 89.-
1144 2750 1213 2815 Lex
1239 2751 1407 2817 Plaetoria
1493 2749 1494 2836 l

170 2834 204 2899 id
226 2852 355 2916 quoque
383 2841 510 2914 tempus
539 2834 628 2899 iubet
657 2852 726 2901 esse
755 2852 953 2916 supremum,
981 2850 1044 2913 quo
1071 2853 1189 2915 praeco
1218 2837 1252 2900 iu
1274 2838 1406 2902 comitio
1493 2839 1494 2902 1

175 3088 237 3151 173)
255 3089 372 3138 latorum
385 3094 446 3139 autc
459 3085 520 3137 Gaii
531 3088 733 3139 commentarios
746 3089 867 3155 inventos
879 3090 911 3138 de
924 3089 1001 3139 huius
1016 3090 1109 3153 capitia
1125 3095 1281 3152 argumento
1296 3090 1406 3153 opinio·

170 3170 217 3205 nee
236 3155 290 3205 vid.
311 3171 353 3220 ap.
389 3158 610 3206 Heiucccium
627 3156 675 3219 IV,
693 3158 718 3217 3,
737 3158 763 3207 9.
782 3159 823 3208 10.
848 3156 891 3205 Dc
909 3158 1021 3219 actione,
1040 3171 1108 3219 quae
1125 3173 1159 3207 ex
1177 3157 1406 3221 eodemdabatur
1493 3149 1494 3160 ¹

170 3224 226 3273 vid.
249 3223 411 3286 Rudorff,
430 3231 520 3275 annot.
539 3225 574 3274 ed
590 3223 733 3288 Pnchta,
752 3224 831 3277 Cure.
848 3225 891 3275 111
910 3226 1003 3289 5277.
1026 3224 1128 3275 Ztsohr.
1147 3226 1219 3273 XIV
1236 3240 1262 3288 p.
1278 3227 1328 3277 385
1345 3241 1405 3289 sqq.
1493 3241 1494 3262 ³

170 3291 352 3354 Huschke,
370 3294 387 3341 1.
406 3293 424 3345 l.
448 3308 474 3357 p.
496 3294 544 3343 107
562 3308 622 3357 sqq.
695 3294 755 3355 174)
777 3294 857 3356 Legis
879 3300 967 3344 eutem
985 3293 1108 3355 Aquiliae
1132 3295 1203 3343 actio
1225 3288 1313 3343 ‘hero’
1330 3309 1404 3343 com·
1493 3299 1494 3356 l

170 3360 249 3426 petit,
272 3361 324 3411 hoc
349 3368 390 3412 est
415 3361 531 3411 dominc.
567 3362 629 3426 Uip.
657 3362 689 3411 11.
709 3365 739 3411 11
766 3364 789 3423 5.
808 3362 904 3413 6111.
994 3362 1053 3423 175)
1071 3361 1244 3423 Huschke,
1273 3359 1359 3411 Gaius
1377 3377 1405 3425 p.
1493 3393 1494 3406 .

171 3429 221 3479 112
242 3442 282 3491 eq.
298 3430 429 3490 actionem
448 3430 480 3479 de
499 3429 594 3479 damac
613 3432 640 3479 in
657 3430 714 3491 lege
733 3436 825 3479 nostra
841 3435 904 3494 poet
921 3430 992 3492 ipsae
1011 3429 1114 3477 demum
1131 3430 1284 3478 sanctiones
1302 3431 1404 3479 consti-
1493 3455 1494 3474 1

170 3503 254 3546 tutam
265 3512 323 3547 esec
338 3500 383 3560 (··-
394 3498 464 3548 iufra
477 3499 571 3547 deinde
589 3502 643 3560 -),
662 3504 732 3547 recte
743 3498 876 3547 admonet.
896 3524 929 3535 -
946 3496 1041 3546 Utrum
1056 3499 1113 3561 lege
1122 3498 1230 3560 Aquilia
1239 3498 1271 3546 de
1281 3498 1404 3547 omnibus

173 3566 337 3627 actionibus,
354 3565 399 3615 ubi
417 3567 450 3615 lie
468 3565 604 3615 infitiando
624 3567 718 3615 crescit
733 3566 762 3613 ‘in
781 3566 902 3629 duplum,
924 3572 1029 3614 cautum
1045 3566 1139 3627 fucrit,
1163 3579 1197 3615 an
1215 3565 1248 3615 de
1266 3567 1327 3629 ipsa
1344 3573 1403 3616 tan-
1493 3565 1494 3584 ³

170 3640 226 3701 tum
250 3648 287 3683 ex·
309 3648 342 3683 ea
364 3635 422 3697 lege
447 3635 564 3695 actione,
590 3632 623 3682 de
647 3648 678 3683 ea
695 3634 850 3696 quaestione
878 3632 930 3683 rid.
966 3633 1135 3695 Huschke,
1162 3634 1265 3685 Zteehr.
1285 3634 1360 3683 XIII
1377 3649 1402 3697 p.
1493 3639 1494 3690 ζ

171 3702 290 3765 nstsqq.
322 3700 404 3752 Gaius
418 3718 444 3767 p.
458 3702 507 3752 113
526 3700 697 3762 (Geumi).
726 3698 1402 3765 00111111011111111.1111181111.
1493 3703 1494 3772 l

171 3776 263 3822 annot.
282 3771 315 3820 ad
333 3769 435 3820 Puchta
455 3772 472 3821 l.
490 3772 509 3821 l.
582 3770 642 3831 176)
661 3766 701 3818 Cf.
722 3783 779 3832 sup.
797 3785 823 3833 p.
842 3770 868 3819 7.
939 3769 998 3833 177)
1015 3769 1149 3832 Keller,
1167 3769 1199 3818 B.
1219 3767 1272 3820 GP.
1291 3771 1317 3831 5.
1336 3769 1362 3819 3.
1493 3779 1494 3800 1
