3009 4400
1271 271 1311 332 41

79 455 273 603 slupgoemam)
290 436 513 516 pronuntiavit
541 433 671 517 populo.
718 437 820 502 Varro
843 436 884 502 de
910 434 932 500 l.
955 435 975 501 l.
1000 442 1028 518 6,
1052 441 1081 502 5.
1125 437 1206 502 Plin.
1229 436 1260 501 lr.
1282 455 1314 500 n.

518 671 598 739 Lex
618 673 778 739 Pinaria
793 671 866 755 ¹⁷⁹)

141 788 200 837 rog.
217 774 249 824 L.
267 773 377 826 Pinario
394 783 478 840 praet.
496 777 554 828 350.
574 773 699 894 88011011.ὶί
709 774 818 907 ml}
835 773 945 824 Pinario
962 782 990 824 et
1005 775 1087 826 Furio
1104 789 1172 825 ooss.
1192 776 1251 824 888.

166 943 228 1022 Qui
256 952 457 1012 sacramento
493 947 580 1012 inter
612 963 648 1010 se
675 949 930 1025 provocaverant
960 949 1008 1026 et,
1041 951 1078 1010 ut
1105 945 1147 1009 ad
1173 943 1311 1009 indicem

78 1029 301 1111 accipiendum
323 1031 482 1112 venirent,
506 1031 789 1110 denuntiaverant,
817 1029 857 1093 iis
878 1032 994 1109 postea
1015 1030 1153 1096 reversis
1174 1029 1312 1104 dabatur

78 1120 156 1193 post
184 1115 268 1180 diem
297 1116 398 1182 XXX.
427 1117 537 1182 iudex:
566 1115 663 1194 idque
692 1132 752 1194 per
779 1113 884 1195 legem
911 1114 1072 1180 Pinariam
1098 1116 1218 1180 factum
1245 1118 1311 1192 est;

78 1205 156 1264 ante
179 1218 250 1266 eam
270 1206 380 1266 autem
401 1202 506 1282 legem
528 1201 667 1267 nondum
689 1200 828 1265 debatur
849 1199 955 1265 iudex.
987 1200 1058 1265 Gai.
1080 1206 1111 1281 4,
1135 1204 1184 1265 15.
1213 1198 1311 1265 Psen-

78 1284 228 1350 doascon.
251 1304 283 1367 p.
309 1291 369 1350 164
393 1285 492 1353 Orell.

523 1438 601 1504 Lex
629 1436 866 1518 Crepereia?

164 1553 317 1620 Ceterum
339 1555 367 1620 si
388 1557 474 1636 apud
497 1557 709 1622 centumviros
731 1556 847 1636 agitur,
870 1573 1024 1620 summam
1046 1556 1225 1636 sponsionis
1246 1574 1311 1622 non

78 1657 137 1718 per
160 1639 331 1705 formulam
351 1641 505 1722 petimus
532 1641 591 1707 sed
611 1660 671 1722 per
699 1641 781 1722 legis
803 1639 976 1706 actionem:
1005 1647 1206 1707 sacramento
1228 1641 1311 1706 enim

77 1741 170 1790 reum
191 1742 415 1807 provocamus3
446 1745 550 1807 eaque
571 1728 699 1807 sponsio
726 1725 952 1792 sestertiorum
973 1724 1090 1792 CXXV
1112 1743 1312 1792 nummorum

77 1807 126 1891 fit,
151 1809 273 1876 seilicet
295 1817 432 1893 propter
453 1812 558 1893 legam
581 1810 796 1894 Crepereiam.
814 1810 887 1892 ¹⁸²)

551 1983 630 2052 Lex
652 1981 759 2048 Silia.
774 1980 846 2063 ¹⁸⁸)

164 2097 254 2165 Haeo
276 2106 385 2166 autem
407 2100 488 2183 legis
510 2103 594 2168 actio
619 2103 693 2186 (per
714 2099 960 2181 condictionem)
982 2103 1159 2168 constituta
1181 2108 1231 2168 est
1252 2121 1313 2182 per

11 2181 13 2192 ’
76 2183 181 2265 legem
204 2184 313 2251 Siliam
342 2193 375 2252 et
403 2186 621 2270 Oalpnmiam,
650 2187 723 2269 laga
752 2185 880 2266 quidem
909 2185 987 2252 Silia
1010 2193 1120 2255 certae
1148 2187 1311 2269 peermiae,

76 2268 151 2351 lege
173 2289 250 2337 vero
274 2269 449 2353 Calpurnia
470 2274 510 2339 de
532 2275 617 2342 omni
639 2278 729 2339 certa
750 2290 797 2338 re.
842 2272 914 2339 Gai.
937 2278 966 2354 4,
991 2277 1040 2339 18.

521 2426 599 2493 Lex
627 2424 857 2505 Calpurnia.

165 2540 238 2605 Gai.
260 2546 290 2623 4,
315 2547 352 2608 19
377 2544 431 2609 cit.

545 2678 623 2743 Lex
649 2677 840 2743 Publilia.

164 2792 236 2860 Vid.
260 2812 329 2875 sup.
351 2812 383 2875 p.
406 2800 446 2861 37
470 2815 516 2879 sq.

459 2932 538 2999 Lex
560 2930 681 2997 Furia
703 2930 759 3013 (da
781 2928 925 3012 sponsu).

164 3046 236 3114 Vid.
260 3068 329 3131 sup.
352 3068 383 3131 p.
408 3048 458 3117 38.

427 3202 509 3269 Lex
531 3200 653 3267 Furia
673 3199 957 3283 (testamentaria).

163 3317 235 3385 Vid.
259 3338 329 3403 sup.
351 3337 383 3403 p.
405 3323 446 3387 33
469 3338 516 3400 sq.

82 3508 140 3568 178)
160 3508 195 3559 of.
214 3523 271 3571 sup.
288 3523 314 3572 p.
331 3508 371 3559 18.
443 3508 504 3569 179)
522 3508 657 3557 Hofftar
674 3507 709 3557 ad
728 3506 789 3557 Gai.
807 3507 833 3568 4,
852 3507 884 3557 18
902 3513 929 3555 at
944 3504 1067 3556 observo.
1080 3520 1103 3554 a.
1121 3506 1146 3554 8.
1170 3503 1310 3564 Puelrts,

79 3572 157 3626 Cure.
178 3576 202 3638 8.
222 3577 272 3627 184
290 3576 353 3625 ibid.
371 3575 513 3625 Rudorii
533 3590 560 3625 n.
580 3588 605 3625 a.
641 3574 773 3633 Keller,
796 3573 830 3625 B.
849 3572 902 3624 ΟΡ.
927 3572 950 3637 ᾗ.
971 3572 1013 3624 18.
1084 3574 1144 3632 180)
1163 3574 1309 3632 Heffter,

79 3643 97 3691 l.
114 3644 133 3693 1.
210 3645 268 3707 181)
292 3643 452 3704 Rudorii,
472 3645 489 3693 l.
508 3643 528 3693 l.
553 3642 684 3707 (Maerob.
709 3642 818 3695 Saturn.
837 3645 863 3703 1,
888 3644 940 3702 13).
1007 3641 1070 3706 1⁸2)
1090 3640 1253 3705 Bdoking,
1275 3642 1310 3690 ad

80 3710 105 3759 h.
124 3712 142 3760 l.
163 3725 190 3761 n.
208 3714 233 3764 8.
268 3710 466 3776 Dernburg,
491 3710 692 3775 heradpetitio
715 3726 742 3774 p.
766 3712 781 3758 ⁷
805 3724 832 3760 n.
857 3711 898 3761 14.
969 3710 1029 3771 188)
1053 3710 1223 3772 Huschke,
1244 3710 1309 3761 krit.

81 3778 190 3830 Jahrbb.
212 3780 276 3831 18³7
294 3796 321 3844 p.
341 3782 405 3841 4873
433 3780 465 3833 R.
493 3780 517 3828 d.
536 3778 640 3829 Nexum
663 3779 768 3843 p.145.
803 3776 1035 3839 Puolrta,'0nrs.
1054 3780 1080 3839 §0
1098 3778 1199 3828 reeb·
1216 3776 1309 3841 (Ruri.)
